3788 5992
77 211 136 274 241
709 210 958 279 CHRONIGON.
975 247 1014 260 -
1029 212 1097 275 LIB
1110 213 1149 276 Il.
1508 215 1510 217 ’
1726 210 1784 276 262
1826 243 1829 247 ·

77 343 160 401 tibus
175 343 211 400 ad
226 344 353 402 medium
370 346 504 419 prolatis,
521 347 628 419 quibus
643 347 847 406 contradicere
860 347 903 402 fas
919 345 946 406 Α
962 348 1088 402 stratum
1104 344 1152 417 sit,
1169 342 1274 416 vulgus
1290 347 1384 400 tamen
1400 343 1541 415 ianstum
1557 361 1610 417 pro
1631 347 1715 403 lusto
1737 362 1785 404 ve·

77 445 135 487 non
148 435 259 503 esset,a
271 433 397 489 Romana
411 435 543 492 aeeclesia
554 436 772 507 propulsantes.
787 435 844 490 u'eo
856 432 904 491 de·
961 449 1068 492 nerana
1083 433 1111 490 in
1127 449 1180 491 suo
1195 433 1356 506 permansit
1371 447 1472 490 errore
1488 432 1531 489 ³⁰⁹.

77 519 135 577 fuit
152 519 181 576 iu
196 519 243 577 bis
267 522 360 593 patris
385 523 523 580 Richardi
549 526 696 583 autentica
723 523 879 597 prasentia
896 541 902 577 :
997 521 1069 592 (iol.
1085 521 1150 591 85'.)
1167 526 1210 579 18.
1222 522 1283 578 lam
1301 525 1396 578 autem
1412 521 1506 577 eidem
1523 522 1599 593 patri
1613 521 1719 580 Gratia
1734 524 1783 583 liei

75 607 166 665 immo
183 609 301 667 omnino
312 611 419 683 sategit
432 617 464 669 ut
476 613 817 686 constantinopolitanea
831 625 905 685 prae·
962 608 1144 682 praelationis
1159 610 1273 666 sarcina
1288 609 1387 681 gravis
1402 609 1568 679 videbatur,
1579 609 1637 679 jnm
1654 611 1690 667 ad
1704 616 1784 669 ante-

75 697 209 769 snmptio
220 699 371 755 confutata
383 701 716 772 conquiesceret,frlium
729 703 904 759 sollomanae
961 699 1039 756 riora
1054 699 1202 771 progredi,
1220 699 1400 770 liberiusque
1417 698 1522 756 divinae
1543 699 1783 772 contemplaturi

76 785 902 862 aecclesiae‚dummatrishouoriprovidebat,ostendens.
961 786 1096 844 inherere
1109 786 1240 856 iuvabat,
1258 787 1324 857 quia
1341 786 1399 857 jam
1416 786 1443 842 in
1460 786 1522 857 eJus
1545 788 1633 845 eorde
1660 789 1784 848 anundus

77 875 177 949 [luam]
192 877 273 932 inter
288 875 362 933 alios
378 893 494 950 quoque
504 879 669 938 willelmus
681 881 770 937 abbas
781 878 905 937 eximius
962 877 1089 931 aruerat.
1102 875 1136 930 Et
1150 873 1215 944 quia
1226 873 1376 945 quosdam,
1386 874 1783 948 quilberosolpmamierant,
1845 890 1852 904 ·

75 964 235 1037 epistolam
251 980 334 1038 papae
351 966 428 1024 misit
443 983 567 1040 corpore
580 968 708 1040 breuem,
722 971 771 1026 sed
784 968 905 1026 materia
963 963 1047 1020 beate
1064 962 1092 1018 in
1108 961 1223 1019 Christo
1239 963 1414 1019 occubuisse
1435 964 1600 1034 constabat,
1619 965 1695 1022 iuter
1712 981 1785 1038 quos

76 1051 228 1122 ingentem
245 1057 274 1108 et
290 1068 424 1111 sermone
448 1053 635 1128 locupletem,
653 1071 737 1128 quarn
762 1056 808 1114 bie
831 1057 906 1113 inse·
962 1066 1079 1122 quoque
1095 1050 1238 1123 quendam
1254 1066 1291 1107 ex
1306 1052 1566 1122 augustudunensi
1579 1053 1785 1112 territoriosa-

75 1154 145 1197 rere
163 1155 219 1198 nou
237 1141 330 1214 piguit
349 1162 354 1197 :
963 1154 1029 1196 nuru
1046 1142 1075 1197 et
1089 1144 1224 1210 vegetum
1240 1139 1377 1211 nullaque
1394 1140 1497 1197 mortis
1513 1141 1595 1211 signa
1617 1142 1782 1215 habentem,

113 1230 215 1287 Gratia
232 1230 281 1288 liei
298 1234 327 1287 et
344 1233 509 1290 reuerentia
526 1234 604 1290 beati
619 1234 698 1292 Petri
714 1234 777 1292 sedi
794 1235 905 1291 inorbo
962 1229 990 1284 in
1008 1226 1072 1284 loco
1089 1228 1137 1285 ubi
1154 1228 1310 1285 novissime
1326 1232 1471 1285 steterunt
1488 1230 1578 1302 pedes
1592 1231 1705 1287 Domini
1717 1246 1783 1289 cum

75 1323 226 1377 terrarum
252 1319 507 1380 excellentissimae
533 1323 653 1396 indepto
679 1340 760 1397 papae
781 1307 904 1381 iohanni
962 1323 1085 1388 orasset,
1096 1321 1123 1373 et
1141 1332 1171 1374 se
1188 1317 1334 1391 ajiionrino
1346 1317 1454 1390 suscipi
1469 1319 1496 1375 in
1509 1333 1580 1390 paee
1594 1319 1782 1393 postulasset,

74 1406 246 1466 willelmus
261 1407 296 1442 ⁸⁰⁸
309 1411 407 1467 crucis
423 1411 530 1469 Christi
550 1428 654 1470 sor-uus
679 1419 777 1470 sedem
800 1413 905 1483 judicii
962 1408 1077 1464 modico
1093 1405 1194 1464 dolore
1208 1423 1274 1464 mox
1283 1411 1405 1478 tactum,
1416 1406 1492 1464 dorni
1509 1407 1645 1480 relatum,
1658 1424 1783 1481 moxque

75 1513 144 1554 eum
161 1497 304 1570 apostolis
318 1503 348 1555 et
364 1514 501 1557 eoronam
518 1502 609 1572 regni.
630 1502 758 1574 Magistri
773 1503 904 1574 gentium
963 1495 1087 1553 relatum
1103 1496 1205 1553 eodem
1223 1496 1249 1552 in
1268 1495 1332 1553 loeo
1348 1511 1405 1567 quo
1421 1501 1567 1568 oraverat,
1578 1498 1713 1570 spiritum
1725 1500 1783 1556 lieo

75 1585 167 1653 dietis
177 1586 362 1659 instruimur,
372 1589 903 1663 senioremnonincrepandumjsdem
963 1584 1137 1656 reddidisse,
1154 1589 1235 1642 certa
1257 1585 1329 1640 sallia
1351 1583 1544 1655 vulgaverat:
1562 1590 1659 1644 tactus
1674 1592 1704 1644 et
1719 1586 1783 1659 ipse

76 1678 176 1731 tamen
192 1675 265 1733 alias
280 1676 367 1732 dicit:
382 1677 493 1736 Factus
503 1680 735 1752 aemimonto,
747 1694 946 1765 ceumaco-B
963 1678 1066 1731 saneto
1076 1672 1162 1730 simili
1176 1673 1258 1730 bonae
1270 1671 1435 1730 deuotionis
1446 1673 1603 1745 desiderio,
1615 1675 1782 1748 sepulcrum

77 1763 318 1835 egistisldcireo
329 1765 419 1836 igitur
430 1766 579 1825 filiationis
591 1767 741 1839 diligentia
753 1769 905 1827 hortamur
962 1761 1505 1833 Douriniinriseregestiens,quaesitaa
1515 1764 1785 1837 principeetponti·

75 1869 260 1910 communem
277 1859 406 1911 vestram
423 1856 643 1928 paternitatem,
654 1862 686 1915 ut
702 1858 729 1914 in
742 1875 799 1915 uno
812 1859 905 1916 imile·
964 1850 1784 1924 deibusregniqueprimoribusetvicinisfidelibusetvix

76 1942 147 1997 ruini
164 1942 361 2013 cogitationes
377 1944 524 2001 bominum
541 1945 741 2017 pervidentem
758 1948 904 2006 omninum
962 1945 1083 2013 optenta
1095 1941 1225 2012 licentia,
1236 1939 1393 1998 destinavit
1406 1941 1497 2012 primo
1510 1941 1577 1998 iliis
1588 1942 1743 2014 prouidere
1754 1949 1783 2001 et

77 2029 273 2102 salvatorem,
283 2035 315 2088 ut
326 2030 431 2088 dicatis
442 2032 477 2088 ad
490 2031 615 2104 aliquem
627 2033 903 2107 vobisunanimem,
962 2044 1062 2086 eornm
1073 2029 1245 2088 inomnibus
1257 2042 1355 2088 curam
1369 2043 1464 2102 agere,
1478 2034 1510 2087 ut
1523 2036 1621 2102 posset
1631 2047 1696 2089 euin
1710 2034 1783 2090 bona

76 2119 323 2190 quomadmodum
335 2120 439 2192 etipse
450 2123 553 2179 Petro:
569 2123 648 2189 Quid
658 2123 905 2196 dicuntgbomines
962 2119 1090 2176 emnium
1116 2120 1272 2177 allectione
1296 2120 1543 2194 peregrinationis
1566 2120 1658 2178 officia
1683 2127 1784 2180 sancta

74 2207 113 2265 de
125 2208 195 2264 mei
211 2207 238 2264 Si
254 2223 325 2265 vcro
342 2223 515 2282 responsum
531 2209 595 2280 ejus
609 2225 645 2267 ex
661 2210 717 2267 fido
734 2212 905 2285 fuerit,jani-
961 2208 1124 2281 suscipere.
1144 2210 1245 2280 ltaque
1266 2210 1431 2268 cluniacum
1457 2209 1519 2281 ivit,
1536 2213 1566 2265 et
1593 2210 1667 2266 siout
1691 2225 1784 2283 usque
1858 2238 1861 2243 ·

75 2296 256 2353 madrertite
269 2296 396 2369 qualiter
410 2299 552 2355 sonuerit.
566 2300 593 2356 si
604 2299 694 2371 clare,
707 2301 854 2358 custodite
869 2317 904 2359 ne
961 2298 1047 2355 hodie
1063 2298 1091 2353 in
1108 2297 1209 2354 codem
1225 2298 1359 2356 coenobio
1374 2301 1469 2355 manet
1482 2296 1657 2371 memoriale,
1669 2302 1783 2370 patrem

75 2385 264 2443 obfuscetur.
278 2386 387 2443 sivero
400 2387 537 2458 obscure,
551 2386 600 2444 iux
613 2389 712 2445 mundi
724 2389 834 2446 oranda
845 2394 902 2463 est,
961 2387 1123 2459 piissimum
1141 2391 1274 2444 sanetum
1292 2387 1441 2443 Odilonorn
1454 2386 1613 2443 Virdunum
1627 2401 1725 2443 seeum
1736 2387 1784 2446 de·

75 2473 207 2545 qualiter
224 2475 264 2531 ita
277 2474 425 2545 fulgeatis,
440 2479 470 2532 ut
484 2476 629 2532 universis
641 2477 669 2533 in
682 2479 793 2548 gremio
804 2478 905 2537 aeccle·
961 2475 1055 2546 duxit,
1065 2490 1150 2546 quem
1159 2474 1258 2548 plurin
1267 2475 1400 2532 isdiebus
1412 2489 1508 2532 secum
1520 2475 1658 2546 retinens,
1667 2490 1781 2534 omnem

73 2562 126 2620 siae
135 2562 436 2620 constitutisadriam
446 2565 706 2623 mandatorumltei
713 2564 903 2637 gradiendam
960 2564 987 2620 ei
1004 2564 1171 2621 monasterii
1181 2563 1391 2634 habitudinem,
1405 2578 1500 2621 mores
1510 2567 1539 2620 et
1550 2564 1638 2646 vitani
1650 2565 1782 2623 babitan-

75 2650 174 2709 iumen
189 2651 358 2723 praebeatis.
371 2651 425 2707 Sed
437 2656 481 2709 est
493 2654 566 2710 farna
579 2654 631 2724 rei,
645 2669 815 2728 quaepuper
826 2657 903 2728 apud
960 2653 1033 2709 tium
1044 2652 1189 2724 {ostendit
1204 2652 1315 2723 judicio
1330 2652 1393 2722 eius
1407 2658 1437 2710 et
1452 2652 1568 2710 tuitioni
1586 2652 1698 2724 singula
1714 2670 1781 2712 eon-

74 2754 129 2796 vos
145 2738 267 2810 accidit,
284 2739 319 2796 de
335 2754 391 2810 qua
405 2740 470 2810 quis
482 2742 605 2799 audiens
620 2741 643 2798 si
655 2756 711 2799 non
723 2742 903 2800 scandaliza·
959 2739 1089 2811 tradens,
1102 2746 1132 2797 et
1147 2742 1182 2798 ad
1199 2741 1262 2811 eius
1277 2741 1430 2798 arbitrium
1445 2741 1579 2799 uniuersa
1593 2742 1783 2813 corrigenset

75 2832 136 2901 tur,
153 2828 270 2886 nouerit
287 2842 319 2884 se
336 2827 421 2899 longe
437 2830 473 2887 ab
490 2845 587 2887 arnore
604 2845 730 2903 superno
746 2831 900 2905 disparari.
959 2829 1143 2886 oonurmans.
1161 2830 1285 2887 Gauisus
1301 2833 1345 2887 est
1364 2837 1459 2887 autem
1477 2831 1505 2886 in
1525 2831 1645 2888 Domino
1660 2836 1782 2889 sancius

75 2917 217 2985 Quoniam
230 2916 299 2974 iicet
311 2920 446 2990 potestas
458 2920 578 2976 Ronlani
587 2920 712 2994 imperii,
722 2921 861 2992 quaeolim
873 2923 901 2978 in
960 2918 1055 2989 Odilo,
1074 2918 1140 2989 quia
1157 2932 1209 2990 per
1224 2932 1275 2974 eos
1292 2932 1365 2989 quos
1379 2918 1435 2975 sibi
1452 2918 1529 2976 illios
1548 2920 1657 2976 fecerat
1672 2922 1701 2977 et
1718 2918 1782 2978 loeo

75 3007 148 3063 orbe
164 3010 311 3063 terrarum
326 3006 498 3065 monarches
513 3008 617 3080 uiguit,
630 3024 706 3066 nunc
723 3023 774 3081 por
786 3010 901 3068 diversa
959 3006 1122 3076 remiserat,
1140 3007 1254 3063 fructus
1271 3006 1337 3063 boni
1353 3007 1452 3064 odoris
1468 3007 1618 3079 carpebat.
1636 3007 1706 3077 (Fol.
1722 3010 1780 3082 80.)

74 3102 223 3152 terrarum
239 3094 303 3153 loca
330 3097 491 3154 innumeris
507 3101 627 3168 regatur
643 3099 901 3172 sceptris,{iiganoi
960 3095 1011 3151 [lbi
1028 3109 1098 3151 vero
1116 3093 1261 3151 voluntati
1279 3093 1395 3151 illorum
1408 3095 1590 3152 satisfecisse
1602 3096 1778 3167 seeredidit,

73 3182 269 3254 solvendique
283 3184 310 3239 in
327 3183 404 3242 coelo
418 3189 448 3241 et
465 3184 492 3242 in
516 3189 595 3242 terra
613 3186 902 3260 potestasiincumbit
958 3183 1124 3241 valedicens
1139 3181 1284 3253 omnibus,
1303 3182 1393 3240 filium
1410 3185 1468 3240 lieo
1485 3183 1702 3254 commendans,
1717 3184 1782 3242 Clu·

73 3271 247 3342 magisterio
270 3272 359 3328 Petri.
379 3274 474 3344 atque
500 3273 610 3331 idcirco
635 3274 690 3332 ista
714 3276 851 3347 diximus,
869 3281 901 3334 ut
958 3271 1780 3345 uiaeumrediit,etdeprofeotuaeoelesiaeiilinsgaudium

10 3416 14 3420 .
73 3360 319 3419 animadvertatis
336 3374 391 3417 non
408 3360 495 3419 aliter
516 3362 623 3421 Grecos
639 3379 724 3436 quam
739 3364 900 3423 cenodoxia
957 3361 1024 3419 filiis
1040 3365 1068 3418 et
1084 3362 1224 3419 fratribus
1240 3361 1480 3419 cluniacensibus
1494 3361 1618 3418 exibuit.
1635 3361 1779 3418 Referunt

74 3449 129 3506 boe
147 3449 225 3521 quod
242 3448 408 3506 audivimus
425 3451 501 3523 apud
519 3466 570 3508 vos
585 3452 746 3524 requirere,
764 3452 902 3525 impetra·
957 3450 1052 3507 adhue
1067 3450 1208 3522 moderni,
1222 3450 1270 3522 qui
1282 3450 1437 3508 audierunt
1450 3466 1464 3507 a
1476 3451 1620 3523 patribus,
1633 3450 1699 3522 quia
1712 3465 1781 3522 quo·
1835 3447 1849 3473 ⁴

73 3538 165 3594 uisse.
182 3539 222 3594 lte
237 3543 339 3594 cetero
356 3552 472 3610 quoque
487 3545 633 3612 optamus,
647 3541 688 3598 uti
705 3541 900 3599 universalem
957 3539 1035 3595 tiens
1045 3539 1081 3595 ab
1094 3538 1159 3596 istis
1171 3537 1782 3610 partibusregrediebatur,adeosegratio·

73 3626 161 3682 decet
179 3627 353 3698 antistitem,
365 3642 417 3684 vos
429 3628 526 3686 acrius
537 3629 564 3684 in
577 3630 763 3702 correptione
774 3635 802 3686 et
816 3629 901 3687 disei-
958 3642 1020 3684 sum
1037 3628 1073 3684 de
1089 3628 1185 3699 bonis,
1199 3618 1306 3700 quaein
1325 3633 1407 3699 patre
1423 3632 1524 3685 nostro
1535 3631 1564 3684 et
1574 3627 1642 3684 filiis
1653 3627 1782 3697 gratula-

73 3714 153 3787 piinn
171 3720 279 3772 sanctae
295 3721 325 3772 et
342 3715 512 3788 apostolicae
528 3718 799 3791 acolesiovigore,
816 3722 901 3776 aeter·
958 3717 1054 3784 batur,
1066 3716 1295 3789 exibebat,adeo
1307 3731 1357 3774 eos
1367 3716 1615 3774 commendabiles
1626 3716 1779 3786 reddebat,

63 3816 171 3874 neque
186 3807 215 3860 et
233 3803 359 3861 feliciter
374 3803 403 3860 in
420 3805 535 3864 Christo
560 3807 666 3864 ualere.
957 3811 989 3864 ut
1000 3810 1116 3878 gratum
1129 3807 1250 3864 baberet
1262 3807 1310 3878 qui
1322 3806 1552 3877 videbat.lgitur
1562 3805 1781 3878 paratisneces·

111 3891 462 3965 (i'ol.85.)sieconintata
474 3896 631 3955 Greeorum
643 3896 833 3970 presumptio
843 3901 898 3954 est.
957 3896 1230 3968 sariissumptibus,
1242 3895 1396 3968 dispositis
1408 3894 1460 3952 viae
1471 3894 1640 3965 comitibus,
1648 3893 1781 3951 columis·

75 3981 186 4038 [odem
203 3996 288 4052 anno,
305 3981 433 4052 quierat
451 3984 487 4038 ab
504 3983 559 4039 inc.
577 3986 657 4042 Dom.
676 3990 754 4057 idat,
769 3985 854 4057 jussu
870 3989 900 4042 et
956 3984 1188 4041 saDeoiiliorum
1203 3983 1498 4056 eura,benedictione
1511 3982 1659 4055 pontificis
1670 3987 1700 4039 et
1712 3983 1781 4039 viai·

74 4068 358 4141 oboedientiapatris
368 4069 517 4144 Richardi,
530 4073 687 4145 Leduinus,
695 4075 730 4130 de
742 4090 799 4146 quo
811 4089 899 4148 supra
957 4087 1060 4128 norum
1069 4071 1238 4143 praesulum,
1247 4071 1712 4143 optimatumquoqueetornninm
1721 4087 1780 4127 oru-

74 4157 243 4228 retulimus,
260 4157 462 4230 praelatus'est
477 4162 602 4219 abbatiae
616 4162 710 4219 sancti
736 4164 862 4220 vedasti.
957 4161 1025 4218 nino
1032 4160 1183 4233 postulata
1194 4166 1221 4217 et
1234 4166 1365 4232 accepta,
1378 4159 1555 4217 venerabilis
1567 4165 1650 4232 poter
1661 4160 1780 4216 lliobar·

111 4249 194 4303 Auno
211 4261 326 4318 quoque
342 4252 410 4306 1027
432 4249 505 4306 obiit
531 4249 688 4308 fulbertus
712 4252 900 4312 carnotensis
958 4252 1013 4308 dus
1030 4249 1128 4306 Gratia
1144 4250 1193 4306 liei
1208 4264 1348 4319 egressus
1368 4253 1414 4305 est
1433 4264 1498 4306 cunr
1524 4246 1670 4306 liadelveo
1688 4263 1780 4306 novus

73 4334 244 4408 episeopus,
271 4334 482 4406 indictione7;
500 4339 548 4409 qui
572 4345 680 4410 quanto
703 4354 801 4397 amore
824 4341 899 4400 bunc
957 4353 1131 4414 peregrinus
1146 4354 1173 4394 ιιι
1189 4337 1286 4396 eordrs
1306 4336 1420 4395 latrtra
1436 4340 1639 4409 prosequutus
1654 4342 1699 4394 est
1715 4352 1780 4396 cum

75 4429 192 4497 patrem
223 4429 355 4482 nostrum
377 4425 524 4499 dilexerit,
550 4428 759 4499 experimentis
783 4429 900 4502 perplu-
913 4425 1039 4487 Dtotus
1054 4427 1182 4503 populus
1195 4442 1260 4485 eum
1273 4425 1668 4498 laerrmrsetrugrtueordrs
1679 4427 1781 4484 dolens
1870 4494 1874 4511 ,

74 4513 159 4571 ribus
178 4519 271 4588 patet
958 4515 1505 4588 quoddestituereturejuspraesentia,
1515 4515 1782 4586 quemsuaesalutis

112 4603 185 4673 (fol.
202 4603 246 4664 8t’
249 4605 362 4677 ‚tfune
378 4605 521 4677 temporis
537 4605 660 4678 contigit
673 4606 764 4663 innotr
774 4620 840 4663 ossa
852 4606 901 4664 bo·
957 4605 1112 4678 praesulem
1128 4607 1255 4677 vitaeque
1273 4609 1400 4662 tutorem
1416 4603 1565 4663 credebat.
1579 4604 1660 4672 Quod
1674 4603 1777 4661 rirltoi

74 4693 163 4750 minis
179 4694 214 4750 de
229 4693 293 4751 loco
309 4695 511 4766 abjectissimo
523 4709 538 4751 a
551 4696 676 4767 quodam
688 4710 830 4766 mangone
842 4695 901 4752 eol·
959 4694 1295 4765 benignoconsolans,ut
1308 4696 1528 4751 reverterentur
1537 4692 1697 4762 admonuit,
1707 4691 1779 4747 dans

76 4780 154 4839 lecta
172 4786 200 4838 et
228 4783 338 4841 feretro
354 4785 491 4856 imposita
517 4783 577 4855 (fol.
596 4784 651 4857 85),
670 4785 698 4840 in
724 4784 901 4841 monasterio
958 4782 986 4839 in
1003 4783 1160 4851 mandatis,
1172 4785 1261 4839 benni
1278 4786 1339 4838 tota
1351 4783 1462 4839 virtute
1473 4781 1606 4853 diligere,
1616 4781 1780 4852 proximum

74 4874 189 4928 sauctae
198 4871 294 4930 llariae
306 4871 383 4945 apud
395 4872 526 4929 seusiam
539 4873 592 4929 sub
605 4872 719 4929 nomine
734 4873 810 4929 iusti
828 4887 902 4928 mar·
957 4872 1102 4943 venerari,
1112 4871 1245 4928 inimicos
1257 4870 1390 4943 diligere,
1403 4871 1555 4928 caritatem
1568 4882 1674 4937 amare,
1684 4867 1781 4940 bospi-

75 4960 899 5034 tyrisallainiredomarehionefuisscreposita.[lernrv,
959 4956 1781 5031 talitatemsectari,elemosinisintendere,etprosesibi·

73 5049 113 5121 3.]
131 5049 187 5106 sed
202 5047 271 5106 lieet
287 5048 435 5119 relrgiosis
451 5049 480 5106 id
497 5050 684 5108 vanissimum
705 5055 734 5108 et
757 5050 901 5109 stultissi·
959 5066 1014 5122 que
1026 5050 1235 5108 comitantibus
1246 5052 1335 5107 Deum
1346 5049 1663 5122 propensiuscxorare.
1678 5047 1723 5104 Sic
1736 5062 1781 5104 sa·
1833 5062 1836 5068 ·

75 5152 152 5193 mum
171 5137 263 5196 fuisse
279 5137 378 5195 multis
392 5142 422 5194 et
438 5138 572 5211 probatis
588 5139 772 5198 documentis
784 5141 901 5197 demon·
958 5140 1061 5197 lutatis
1077 5139 1220 5210 omuibus,
1232 5138 1411 5197 resalutatus
1422 5151 1437 5194 a
1449 5137 1573 5209 eunctis,
1584 5135 1723 5194 dimissus
1734 5140 1780 5194 ost

757 5309 876 5366 vuilla
897 5308 1096 5366 merlonus

107 5428 144 5463 ⁸⁰⁸
160 5431 205 5486 w.
221 5444 246 5489 e.
285 5430 321 5466 ¹⁰⁸
335 5430 450 5490 Aldine
464 5433 599 5490 mutinam
611 5431 803 5489 immutatum
821 5433 940 5503 Hono
928 5447 962 5491 ιιι
980 5432 1117 5504 maraine
1137 5432 1241 5490 littera
1260 5429 1393 5560 afflante
1397 5429 1546 5490 indicavit
1568 5432 1598 5489 et
1615 5431 1668 5489 boe
1685 5433 1779 5489 nota:

75 5501 243 5562 &cundum
258 5502 531 5560 determinationem
547 5508 577 5560 ct
590 5503 721 5561 ordinem
739 5502 903 5561 litterarum
919 5509 950 5562 tu
967 5517 1084 5575 quoque
1100 5516 1184 5561 serva
1201 5502 1315 5575 legenr
1330 5500 1462 5560 ordinem
1476 5508 1506 5559 et
1521 5501 1725 5573 capitulorum.
