3788 6000
114 238 175 302 595
697 234 937 299 EKKEHARDI
959 235 1237 304 URAUGIENSIS
1758 241 1822 305 596

117 373 195 432 iliius
208 378 294 432 terra
306 374 415 432 faciunt
428 374 483 432 sibi
495 379 605 433 vestes.
617 374 671 432 sed
683 379 713 433 et
723 375 813 432 duces
822 373 936 432 itineris
949 368 978 431 Α
993 372 1820 450 quingentospmmqneundecimaconcrematumque

115 464 300 534 collegerunt
314 478 351 520 cx
366 479 409 521 ca.
427 464 556 531 Quadam
572 480 642 521 vero
655 464 701 520 die
718 464 784 520 (irim
800 464 858 519 iter
871 477 936 535 age·
991 463 1059 520 iuna
1076 464 1176 522 lucere
1192 466 1345 539 inciperet,
1362 468 1461 524 subito
1480 473 1623 526 venerunt
1645 468 1821 540 scorpiones

116 559 194 618 rent,
211 558 367 624 coeperunt
381 553 461 609 sitim
478 555 585 610 babere
601 553 747 623 maiorem.
764 552 854 619 Quam
870 567 935 609 curn
991 557 1020 609 ot
1036 559 1190 625 serpentes
1206 557 1330 627 aiiaeque
1347 557 1414 615 lerae
1430 557 1531 613 bibere
1557 558 1592 614 de
1616 557 1679 630 ipso
1695 556 1773 628 iaou,
1789 563 1820 614 et

117 640 283 698 Alexander
297 642 420 698 sniierre
436 657 491 698 non
508 645 619 713 posset,
642 641 757 713 qnidam
778 641 862 698 miies
888 643 937 697 Ze·
990 644 1052 697 tota
1060 647 1139 698 terra
1153 643 1200 699 ilia
1215 645 1370 700 resonabat
1380 644 1819 716 desibiiisserpentium.Pone-

116 729 216 801 phiIus
231 730 345 787 nomine
361 730 471 786 invenit
486 744 588 800 aquam
612 729 639 784 in
662 733 746 801 petra
771 733 884 800 cavata,
901 730 937 786 de
992 728 1140 800 bantergo
1152 731 1261 788 milites
1269 737 1350 789 scuta
1361 733 1389 787 in
1401 734 1496 789 ironte
1507 736 1671 789 castrorum
1678 748 1732 805 per
1743 733 1820 790 ordi·

116 831 173 888 qua
188 818 319 889 implevit
330 818 472 875 cassidem
485 832 566 874 suum
581 822 610 874 et
624 817 724 874 attulit
736 818 806 888 regi,
821 817 938 889 piusdi·
991 831 1066 887 nera,
1079 824 1109 873 et
1121 821 1260 876 tenebant
1272 819 1388 877 lanceas
1399 821 1427 876 in
1438 821 1581 891 manibus,
1594 825 1624 878 et
1639 822 1682 879 sic
1694 822 1819 893 reeipie-

117 904 212 976 ligeris
227 907 290 976 ejus
305 907 392 963 vitam
404 919 488 977 quam
501 921 591 962 suam.
604 905 654 962 iile
666 910 762 962 autem
774 920 938 964 convocans
993 906 1063 962 bant
1078 913 1232 979 serpentes
1247 914 1347 965 contra
1364 924 1394 966 se
1417 909 1577 979 venientes,
1595 914 1623 964 et
1649 910 1819 980 aliquantos

116 995 289 1065 evercitum,
308 1010 406 1051 coram
422 995 558 1052 omnibus
572 995 646 1053 ludit
667 995 759 1067 ipsam
780 1010 883 1066 aquam
909 996 937 1052 in
992 995 1165 1053 occiderunt
1181 1011 1217 1052 ex
1229 997 1281 1052 eis.
1295 997 1616 1054 Recedentibusautem
1628 999 1819 1069 serpentibus

115 1085 235 1153 torrem,
252 1098 297 1153 ne,
314 1082 381 1140 dum
395 1083 509 1140 videret
524 1085 673 1141 exercitus
699 1085 775 1155 quod
792 1084 841 1141 iiie
857 1085 940 1144 sulus
993 1084 1072 1140 circa
1090 1085 1210 1140 terciam
1228 1086 1323 1142 noctis
1339 1086 1449 1156 horam,
1466 1100 1531 1141 curn
1543 1087 1601 1157 jam
1617 1092 1775 1158 sperarent
1787 1103 1820 1144 so

116 1171 243 1240 biberet,
254 1171 319 1242 pius
335 1171 418 1227 sitire
431 1172 585 1244 inciperet.
600 1173 846 1231 Laudavitautem
859 1176 939 1231 boni-

116 1267 206 1315 tatem
221 1259 331 1331 Zepbiii
348 1274 432 1330 quam
450 1260 552 1318 habuit
568 1262 596 1317 in
612 1275 687 1331 eum,
700 1267 729 1317 et
741 1262 849 1333 optima
862 1264 937 1320 dona

116 1347 196 1404 dedit
212 1348 248 1403 ci.
268 1348 457 1404 Conlortaius
472 1362 542 1406 vero
559 1349 594 1405 de
610 1349 663 1406 hoc
678 1351 828 1406 exercitus
848 1351 939 1422 coepit

116 1435 169 1491 ire.
183 1437 325 1507 Apparuit
342 1440 503 1495 autemnon
515 1437 601 1507 ionga
613 1438 718 1494 iiumen
730 1438 897 1509 indeserto,
910 1438 938 1495 in

116 1525 202 1594 cujus
216 1525 280 1596 ripa
295 1531 379 1581 erant
394 1540 494 1582 cannae
511 1525 577 1583 altae
601 1528 754 1597 sexaginta
769 1527 893 1599 pedibus
909 1532 937 1584 et

117 1628 230 1683 grossae
246 1614 322 1670 sicut
338 1615 433 1685 pinus,
446 1629 482 1669 ex
497 1615 603 1684 quibus
615 1615 723 1671 liebant
735 1618 842 1673 tabulas
853 1616 888 1672 ad
901 1617 938 1672 la-

994 1173 1123 1242 requiem
1147 1173 1313 1243 babituros,
1339 1188 1408 1229 ecce
1432 1172 1468 1229 de
1491 1173 1639 1230 montibus
1661 1175 1820 1230 veniebant

995 1259 1043 1315 aiii
1059 1266 1212 1331 serpentes
1227 1260 1370 1317 columnis
1384 1261 1561 1331 grossiores,
1577 1263 1821 1333 erectispectori-

994 1348 1059 1418 bus,
1071 1349 1183 1419 apertis
1200 1349 1310 1416 buccis,
1323 1348 1358 1404 de
1370 1364 1493 1420 quorum
1504 1348 1609 1421 [oculis
1619 1348 1663 1423 ¹¹⁸]
1678 1350 1822 1407 scintilla-

994 1437 1044 1493 bat
1059 1452 1212 1508 venenum,
1228 1437 1374 1509 alitusque
1389 1453 1490 1494 eorum
1506 1442 1570 1494 erat
1585 1439 1739 1505 mortiier;
1754 1455 1820 1497 cum

995 1525 1100 1597 quibus
1118 1528 1284 1596 pugnabant
1301 1525 1368 1596 pius
1384 1540 1470 1596 quam
1486 1540 1571 1582 unam
1594 1527 1695 1584 boram
1712 1528 1820 1599 noctis,

994 1618 1024 1669 et
1039 1613 1128 1670 occisi
1145 1618 1212 1670 sunt
1228 1612 1263 1668 ab
1274 1613 1318 1671 eis
1328 1613 1448 1683 triginta
1459 1616 1535 1671 servi
1546 1615 1688 1686 etviginti
1699 1616 1820 1672 milites.

117 1701 237 1759 cicndas
250 1717 344 1758 casas.
360 1702 401 1759 ibi
418 1718 488 1773 orgo
512 1708 673 1774 posuerunt
688 1708 794 1760 castra.
811 1707 938 1777 Cumque
952 1722 981 1784 B
996 1705 1032 1758 itt
1044 1708 1199 1772 postquam
1216 1707 1403 1757 recesserunt
1421 1706 1581 1774 serpentes,
1599 1707 1742 1760 venerunt
1753 1717 1824 1760 aan-

117 1803 152 1845 ex
167 1792 268 1847 eadem
284 1805 358 1861 aqua
375 1791 474 1847 bibere
491 1791 683 1861 veilent,erat
694 1793 876 1850 amarasicut
889 1793 936 1850 lei.
995 1790 1048 1858 cri,
1063 1788 1302 1845 babentesdorsa
1313 1789 1385 1845 dura
1396 1789 1644 1861 sicutcocodrilii,
1657 1791 1824 1862 quaejacris

117 1879 348 1949 angustiabatur
362 1879 460 1950 itaque
477 1894 527 1935 rer
542 1879 608 1951 plus
624 1880 841 1937 deanimaiibus
853 1897 937 1952 quam
996 1875 1105 1934 lanceis
1121 1879 1268 1948 periurata
1286 1891 1342 1934 non
1357 1882 1442 1943 sunt;
1459 1879 1566 1935 multos
1591 1884 1687 1935 tamen
1709 1879 1824 1936 exiliis

117 1966 152 2022 de
167 1966 344 2037 bominibus,
357 1968 424 2038 quia
441 1967 490 2023 iiia
507 1968 585 2025 sitini
602 1972 764 2039 temperare
780 1969 875 2026 minus
890 1985 939 2026 no·
996 1965 1702 2037 occideruntirrigue,reliquiintravenuntlacum
1714 1968 1821 2040 ipsum.

117 2061 229 2125 verant,
243 2056 272 2124 (l.
290 2058 353 2129 230)
365 2057 474 2113 milites
486 2062 582 2113 autem
595 2057 642 2113 aiii
655 2055 804 2128 lingebant
817 2059 937 2128 lerrum,
1033 2054 1073 2123 (F.
1086 2055 1162 2126 231.)
1173 2055 1233 2110 lam
1248 2060 1369 2109 venerat
1384 2055 1484 2124 quinta
1501 2054 1599 2125 vigilia
1614 2054 1723 2126 noctis,
1733 2059 1765 2111 et
1780 2070 1825 2111 re

117 2143 165 2200 aiii
179 2144 316 2200 bibebant
329 2145 435 2215 oleum,
445 2145 493 2200 aiii
504 2159 573 2201 vero
582 2145 617 2202 ad
629 2148 737 2201 tantam
745 2151 938 2217 pervenerant
997 2143 1149 2214 quiescere
1158 2140 1442 2212 volebatexercitus,
1451 2147 1554 2199 ctecce
1566 2147 1710 2200 venerunt
1722 2142 1824 2201 leones

117 2232 333 2301 necessitatem,
351 2238 381 2288 ut
399 2233 511 2290 urinam
527 2247 607 2290 suam
623 2233 765 2289 biberent.
780 2236 938 2304 Pergentes
997 2229 1055 2286 albi
1070 2230 1194 2299 majores
1208 2229 1312 2299 tauris,
1329 2234 1359 2286 et
1374 2231 1579 2287 concutientes
1595 2231 1823 2303 cervicessuas,

117 2318 411 2391 igitury'uxtaripam
435 2320 564 2389 ejusdam
591 2321 681 2375 amari
707 2322 938 2391 iiuminis,circa
996 2334 1061 2375 cum
1086 2318 1318 2374 murmuratione
1342 2333 1443 2388 magna
1473 2319 1603 2375 lecerunt
1632 2319 1776 2392 impetum
1797 2320 1824 2376 in

117 2413 249 2464 octavam
266 2408 322 2463 dissi
338 2409 437 2465 boram
453 2408 645 2466 veneruntad
670 2409 822 2466 castelium
840 2425 937 2480 unum,
996 2420 1067 2473 eos;
1085 2406 1140 2478 ipsi
1157 2410 1254 2462 autem
1269 2410 1449 2478 exceperunt
1464 2421 1513 2463 eos
1536 2407 1690 2463 venabulis
1705 2408 1780 2479 suis,
1796 2411 1824 2465 et

117 2494 145 2550 in
162 2496 257 2552 insuia
272 2497 403 2567 eiusdem
418 2498 545 2554 iiuminis
556 2497 695 2568 positum,
707 2497 783 2568 quod
797 2511 833 2554 ex
845 2498 939 2570 predi·
997 2494 1102 2551 mortui
1118 2498 1195 2550 suni.
1208 2496 1277 2550 Post
1288 2494 1349 2550 liaec
1360 2501 1503 2551 venerunt
1514 2495 1593 2566 porci
1611 2495 1694 2552 mirae
1714 2497 1826 2567 magni·

115 2584 172 2640 otis
188 2584 289 2641 cannis
299 2589 363 2641 orat
373 2585 556 2642 aedificatum.
570 2587 612 2642 ibi
623 2585 759 2642 viderunt
772 2602 881 2657 paucos
891 2588 940 2644 iio
995 2583 1116 2652 tudinis,
1128 2582 1268 2638 babentes
1278 2583 1410 2639 diversos
1421 2582 1546 2653 colores,
1558 2587 1586 2639 et
1598 2598 1664 2639 cum
1676 2581 1827 2640 illissimi-

117 2671 211 2728 mines
227 2673 330 2742 nudos,
349 2673 397 2743 qui
421 2674 521 2729 statim
548 2678 578 2730 ut
606 2674 767 2730 exercitum
791 2675 937 2745 viderunt,
997 2670 1067 2727 liter
1081 2674 1293 2742 pugnaverunt.
1311 2672 1423 2727 interea
1439 2671 1576 2742 apparuit
1599 2671 1694 2728 bestia
1712 2686 1769 2729 uua
1786 2673 1825 2729 si-

117 2759 385 2816 obsconderuntse.
394 2758 660 2817 Alexanderautcm
672 2761 773 2817 volens
785 2762 863 2833 ioqui
874 2778 939 2819 curn
997 2758 1075 2815 milis
1090 2757 1214 2828 caballo,
1231 2757 1324 2828 major
1336 2757 1503 2829 elephanto,
1515 2758 1570 2814 tria
1585 2758 1697 2816 habens
1710 2773 1824 2817 cornua

118 2846 161 2902 eis
177 2851 208 2902 ut
225 2861 328 2916 aquam
352 2848 408 2903 sibi
431 2848 629 2918 ostenderent,
645 2864 710 2905 cum
728 2849 939 2907 nulluseorum
997 2852 1117 2915 armata,
1141 2846 1302 2918 vidensque
1331 2853 1438 2916 castra,
1461 2852 1616 2918 antequam
1645 2847 1763 2904 biberet
1788 2850 1824 2905 de

117 2935 380 3007 appareret,jussii
393 2951 501 3009 paucas
510 2937 615 3007 jactari
628 2939 761 3009 sagittas,
777 2944 808 2995 ut
818 2939 863 2996 vei
875 2955 941 3010 pro·
998 2934 1072 2993 iacu.
1086 2934 1166 2990 dedit
1177 2935 1315 3005 impetum
1334 2935 1360 2989 iu
1372 2940 1478 3004 castra,
1491 2935 1763 3008 resistentibusque
1775 2937 1825 2992 mi·

116 3027 183 3094 pler
197 3024 334 3081 timorem
349 3025 524 3096 sagittarum
540 3027 675 3094 exireul;
691 3027 743 3083 sed
760 3027 801 3083 iiii
818 3026 884 3099 pius
908 3042 940 3085 sa
999 3022 1823 3095 litibus,occiditexipsisvigintiquatuor‚quinquaginta

116 3113 344 3171 absconderunt.
358 3116 435 3170 Tunc
446 3114 524 3170 misit
535 3114 563 3169 in
575 3115 669 3186 ipsum
682 3116 786 3171 iiumen
798 3115 941 3172 ducentos
957 3075 981 3136 C
997 3112 1201 3176 conculcavit;
1219 3115 1314 3167 tamen
1331 3111 1502 3168 occiderunt
1525 3126 1599 3169 earn.
1615 3113 1725 3169 Deinde
1738 3128 1825 3169 vene·

115 3216 151 3257 cx
166 3201 372 3259 Macedonibus
386 3218 449 3258 curn
468 3201 581 3259 levibns
594 3203 693 3258 armis.
711 3202 764 3269 Qui
788 3219 853 3260 cum
882 3205 940 3275 y’am
998 3205 1064 3256 runt
1081 3205 1109 3256 ei
1125 3200 1362 3271 vespertiliones,
1373 3201 1448 3256 sicut
1464 3205 1494 3256 et
1506 3215 1593 3272 supra
1605 3201 1820 3274 scriptumest,

116 3294 253 3360 quartam
266 3293 378 3361 partein
391 3290 518 3346 iiuminis
528 3292 864 3361 pernatassent,eecede
876 3308 943 3364 pro·
996 3288 1079 3359 quasi
1096 3288 1247 3358 columbae,
1266 3289 1407 3345 babentes
1422 3288 1525 3344 dentes
1541 3289 1617 3345 sicut
1630 3289 1776 3361 homines,
1793 3295 1822 3346 cl

118 3378 205 3434 tundo
220 3381 408 3433 emerserunt
422 3379 568 3449 yppotami
584 3378 618 3411 ’¹⁴
633 3379 772 3436 tortiores
788 3395 872 3449 quam
885 3381 941 3437 eie·
997 3377 1140 3432 feriebant
1157 3376 1266 3432 milites
1282 3377 1309 3431 in
1327 3377 1502 3446 laciessuas,
1513 3376 1706 3448 etplagaseis
1717 3378 1824 3434 iniere·

116 3465 227 3537 pinanti,
239 3469 268 3521 el
285 3464 452 3522 videntibus
466 3466 575 3522 celeris
587 3470 615 3522 et
626 3466 842 3538 plangentibus,
855 3469 941 3526 devo·
997 3465 1075 3520 bant.
1093 3465 1241 3522 Venerunt
1255 3469 1284 3520 et
1300 3465 1412 3521 surices
1424 3464 1498 3521 sicut
1511 3465 1624 3537 vulpes.
1636 3469 1665 3521 el
1677 3481 1826 3537 (1θέ611111-

117 3557 255 3610 caverunt
271 3553 497 3624 eusippotami
512 3557 607 3609 antem
626 3554 712 3610 medii
730 3556 942 3614 suntbomines
996 3569 1052 3624 que
1068 3553 1203 3609 animalia
1220 3552 1402 3622 mordebant,
1422 3553 1519 3609 statim
1543 3554 1755 3624 moriebantur,
1773 3555 1824 3611 bo·

115 3648 145 3698 ct
160 3641 247 3697 medii
263 3641 379 3698 caballi.
395 3643 599 3698 iratusautcm
613 3642 816 3699 Alexanderin
829 3646 940 3715 eosqui
997 3642 1089 3698 mines
1103 3647 1198 3698 antem
1215 3656 1250 3697 ex
1267 3641 1412 3697 morsibus
1427 3655 1528 3697 eorum
1544 3655 1600 3698 non
1617 3639 1724 3698 mortui
1742 3647 1821 3699 sunl.

115 3731 278 3787 exercitum
294 3745 345 3803 par
361 3730 430 3787 taiia
442 3730 506 3787 loca
517 3730 551 3763 ’¹⁵
564 3730 719 3803 ducebant,
726 3732 814 3803 iussit
824 3739 940 3791 centum
998 3730 1257 3801 appropinquanto
1278 3735 1375 3785 autom
1390 3729 1455 3786 luce
1470 3733 1612 3786 venerunt
1626 3744 1696 3786 aves
1710 3731 1823 3788 similes

115 3834 152 3874 ox
165 3818 209 3875 eis
224 3819 299 3875 mitti
317 3835 344 3874 m
360 3820 477 3890 iiumcn,
488 3825 518 3875 et
529 3826 682 3891 coeperuni
697 3822 845 3892 yppotami
860 3822 942 3879 ebui-
996 3818 1174 3888 vuituribus,
1190 3818 1332 3874 babentes
1355 3817 1482 3874 colorem
1508 3817 1712 3890 rubicundum,
1728 3819 1822 3890 pedes

117 3906 170 3963 lire
186 3908 260 3964 sicut
279 3908 418 3978 formicae,
429 3913 459 3964 cl
471 3909 686 3966 devoraverunt
703 3923 764 3965 eos.
778 3910 846 3966 inde
859 3912 938 3981 moti,
995 3921 1065 3962 voro
1081 3911 1111 3962 et
1126 3910 1221 3962 rostra
1238 3907 1329 3976 nigra,
1346 3910 1374 3962 ei
1391 3906 1587 3977 impleverunt
1609 3910 1703 3963 totam
1726 3906 1821 3979 ripam

116 3997 150 4052 aii
170 3995 351 4053 undecimam
366 3995 424 4052 diei
440 3996 539 4052 horam
555 3995 690 4053 viderunt
703 3997 731 4052 in
744 3999 808 4070 ipso
820 3999 939 4054 iiumine
995 3993 1063 4065 iaci,
1075 3998 1103 4050 et
1119 3995 1309 4050 extrahentes
1325 3995 1421 4066 pisces
1431 3995 1466 4050 de
1479 3993 1543 4051 lacu
1555 3994 1759 4066 comederunt,
1772 3995 1823 4050 bo·

116 4084 247 4141 homines
262 4085 291 4140 iu
308 4084 451 4142 naviculis
468 4086 604 4143 rotundis
625 4086 660 4141 dc
682 4101 774 4143 canna
797 4087 893 4156 lactis,
909 4090 938 4142 et
996 4084 1087 4139 mines
1104 4098 1172 4139 vero
1184 4098 1240 4139 non
1253 4089 1424 4140 nocuerunt.
1439 4084 1534 4140 iratus
1545 4088 1642 4140 autem
1654 4083 1823 4140 Alexander

117 4173 370 4244 interrogaverunt
384 4188 445 4244 eos,
460 4175 507 4231 ubi
520 4188 623 4244 aquam
636 4174 749 4231 dulcem
762 4175 937 4231 invenirent.
995 4176 1098 4228 contra
1114 4173 1204 4229 duces
1220 4173 1283 4241 viae,
1298 4171 1365 4228 lecit
1381 4172 1425 4228 eis
1441 4171 1551 4227 abscidi
1564 4177 1705 4228 manuset
1718 4172 1820 4243 pedes,

116 4262 169 4328 Qui
187 4262 388 4318 indicaverunt
406 4261 449 4318 eis
466 4263 558 4319 lacurn
575 4262 670 4319 dulcis
683 4278 765 4333 aquae
779 4263 883 4319 inante
896 4278 939 4319 ve·
997 4266 1027 4318 ut
1043 4261 1100 4317 vivi
1117 4276 1132 4317 a
1156 4261 1343 4332 serpentibus
1367 4261 1601 4330 comederentur,
1622 4260 1821 4331 hortatusque

116 4349 297 4420 pariendum.
312 4350 394 4406 ibant
406 4363 475 4420 ergo
487 4355 548 4406 tota
559 4356 643 4407 nocte
657 4351 769 4421 fatigati
786 4352 822 4407 de
836 4352 895 4422 siti,
909 4357 937 4408 et
994 4353 1038 4405 est
1056 4350 1172 4418 miiitos,
1190 4355 1221 4406 ut
1239 4351 1329 4405 lories
1344 4353 1442 4406 essent
1463 4363 1516 4405 nec
1540 4349 1567 4404 in
1592 4348 1726 4405 adversis
1742 4349 1821 4405 sicui

115 4442 179 4493 crat
190 4437 233 4492 eis
245 4438 467 4508 angustiaqnia
480 4440 789 4496 omnesibnntarmati.
800 4440 938 4497 Occurvc-
953 4428 979 4488 D
996 4437 1109 4494 laminae
1132 4437 1303 4494 delicerent.

116 4525 187 4580 bani
202 4530 298 4582 autom
315 4526 358 4582 eis
373 4525 482 4595 leones,
500 4527 571 4598 ursi,
588 4527 729 4598 tygrides,
742 4533 770 4583 et
784 4543 835 4600 per
847 4533 938 4585 lotam

115 4618 229 4669 noctem
247 4614 414 4684 pugnabant
428 4629 492 4670 cum
507 4615 558 4671 eis.
573 4615 635 4671 iiiia
651 4631 720 4672 vero
736 4616 793 4687 die,
806 4631 870 4673 cum
879 4618 937 4688 jain

117 4701 184 4758 inssi
196 4702 385 4772 essent,hora
398 4702 590 4773 quasioctava
599 4705 937 4776 perveneruntadipsnm

116 4790 221 4846 lacum.
235 4791 401 4846 Posuerunt
414 4789 559 4860 itaquoibi
570 4796 668 4847 castra
678 4791 706 4846 in
718 4791 937 4862 iongitudiucet

115 4877 272 4934 latitudine
281 4877 316 4934 ad
325 4879 380 4935 tria
390 4879 512 4934 miliaria
522 4896 529 4945 ;
538 4879 618 4935 lacus
627 4894 698 4936 veno
708 4886 771 4935 erat
784 4881 938 4952 spaciosus

117 4966 151 5022 ad
169 4967 327 5023 miliarium
344 4983 441 5025 unum.
452 4970 528 5024 Tunc
544 4968 714 5025 locaverunt
726 4968 898 5040 elephantos
911 4970 937 5024 in

117 5054 211 5110 media
224 5060 307 5127 parte
318 5062 531 5128 castrorum,ut
542 5057 692 5115 continere
703 5072 735 5113 se
748 5064 848 5130 posset
860 5074 939 5115 exer·

119 5142 206 5212 citus,
220 5143 245 5199 si
263 5145 332 5214 quid
347 5145 390 5202 eir
407 5154 493 5203 nocto
509 5146 723 5218 superveniret,
736 5151 765 5203 et
778 5146 939 5204 incidentes

119 5228 222 5285 silvam
237 5245 301 5301 quae
315 5238 378 5288 erat
390 5233 469 5290 cinca
485 5233 590 5306 lacum,
609 5233 752 5291 faciebant
768 5236 848 5291 locos
861 5235 938 5290 mille

1030 4527 1071 4594 (F.
1088 4527 1162 4597 232.)
1178 4526 1260 4583 liotis
1279 4525 1345 4581 inde
1370 4525 1486 4594 castris,
1504 4523 1668 4580 Alexander
1691 4523 1819 4580 tetendit

996 4615 1138 4687 usquead
1163 4629 1252 4684 maro,
1270 4615 1397 4686 probare
1410 4614 1522 4682 volens,
1539 4613 1562 4668 si
1589 4617 1692 4684 posset
1716 4613 1819 4668 orbem

993 4704 1118 4761 circuire
1143 4719 1193 4775 par
1218 4717 1368 4772 oceanum,
1388 4706 1417 4758 el
1445 4701 1579 4772 quoniam
1603 4699 1736 4756 homines
1762 4701 1820 4757 ioci

994 4793 1380 4849 iiiiusdiceiianttenebrosa
1394 4790 1433 4847 ibi
1449 4790 1522 4859 ioca,
1535 4793 1563 4844 ot
1580 4789 1655 4860 quoii
1672 4789 1819 4846 Hercules

994 4886 1022 4937 ot
1039 4881 1123 4936 tiber
1138 4896 1193 4937 non
1210 4880 1270 4936 ausi
1285 4884 1382 4936 essent
1397 4878 1432 4933 ad
1449 4878 1516 4934 ilias
1538 4882 1637 4949 partes
1661 4877 1818 4945 accedere,

994 4969 1138 5026 ordinavit
1154 4969 1301 5024 sinistram
1316 4973 1428 5038 partem
1443 4966 1534 5027 indias
1558 4964 1695 5033 circuire,
1711 4968 1744 5020 ut
1762 4979 1820 5022 non

993 5063 1071 5114 esset
1087 5059 1168 5113 iocus
1181 5057 1236 5113 sibi
1249 5056 1425 5126 incognitus.
1439 5056 1613 5110 invenerunt
1624 5056 1722 5109 autem
1736 5051 1821 5123 pain·

993 5147 1057 5202 dem
1074 5147 1191 5215 siccam,
1205 5160 1269 5216 quae
1284 5142 1652 5211 habebatcannasmuitas,
1665 5155 1821 5214 perquam

994 5251 1058 5292 cum
1075 5234 1239 5292 voluissent
1254 5233 1390 5304 transire,
1405 5232 1498 5289 exivit
1511 5231 1577 5288 inde
1593 5229 1689 5287 bestia
1709 5230 1821 5287 similis

797 5356 916 5413 vaRiAE
937 5357 1136 5414 LECTiONES.

152 5447 187 5482 ¹¹⁴
202 5448 350 5520 yppotami
366 5454 390 5506 t.
406 5464 447 5509 se
467 5453 516 5513 ius
529 5455 609 5528 quod
619 5470 661 5515 aa
673 5455 856 5528 yperpotami
871 5454 1025 5527 dependam
1038 5456 1081 5513 sit
1094 5454 1204 5514 dubito.
1222 5452 1256 5487 ’¹⁵
1275 5453 1340 5511 loco
1356 5459 1381 5509 t.
1405 5450 1440 5486 ’¹⁸
1460 5451 1510 5510 ‘ila
1532 5450 1594 5510 eod.
1610 5450 1707 5510 Bumb
1734 5452 1820 5511 Hist.

116 5521 229 5594 Aicc.,·
243 5520 332 5578 deest.
351 5526 376 5578 t.
392 5466 465 5580 rete
