3788 5992
89 195 150 264 813

528 186 750 253 CHRONICA.
767 220 806 231 -
822 174 1061 247 CHRONICON
1083 182 1348 250 UNIVERSALE

1732 183 1790 253 555
1871 138 1879 146 ’

127 339 155 391 1.
176 336 207 390 h.
225 334 256 388 h.
274 333 335 388 568.
366 327 546 398 Langobardi
576 324 688 382 ltaliam
702 324 847 395 petentes,
879 318 913 375 de
930 325 956 386 Α
972 317 1150 391 imperialem
1176 335 1228 394 por
1250 324 1284 377 30
1298 320 1361 377 dics
1372 277 1585 391 jocundaretur
1600 337 1663 378 curn
1680 322 1740 380 suis
1756 324 1792 380 ad

89 423 236 482 Pannonia
252 418 362 490 egressi
381 416 513 484 5555551.
532 418 562 470 P.
580 415 641 486 5.).

126 516 153 569 6.
171 515 202 566 Α.
220 511 251 566 h.
269 512 330 563 570.
348 504 542 574 ‘Langobardi
572 500 765 558 Mediolanum
792 499 917 553 intrave-

93 606 170 659 5555.
826 598 828 602 ⁴

164 701 175 723 ·
191 691 620 766 5511511555555515-15
640 687 684 722 ¹⁰⁵⁶
698 684 834 746 caditat:
851 685 919 738 San·

187 774 253 824 etus
267 764 413 820 Vadastus
429 762 511 818 obiit.
529 761 567 818 af.
584 760 685 833 Sigal).

129 873 155 923 7.
175 870 206 923 11.
225 867 255 920 D.
274 863 348 919 5⁷1⁶.

165 965 232 1020 *ba
248 964 277 1018 E.
297 964 387 1016 1-11
409 957 525 1015 addant
538 976 547 1011 .·
565 954 723 1025 Gregorius
745 947 921 1008 Turonensis

197 1035 353 1107 episcopus
369 1029 454 1084 551081
473 1029 562 1084 Gallia
578 1030 680 1083 claret.
697 1021 853 1098 55551555.

134 1141 174 1190 ll.
194 1132 276 1202 (Chr.
298 1129 351 1198 W.)
364 1129 506 1184 h.ll.d7a.
521 1125 653 1182 15555555
667 1123 825 1193 imperator
836 1117 919 1174 obiit.

97 1222 219 1290 Quidam
233 1219 367 1276 scribunt
378 1216 420 1285 (P.
438 1216 469 1271 b.
482 1230 523 1285 ru,
537 1215 591 1285 11),
606 1211 682 1283 quod
695 1210 721 1265 in
735 1207 859 1266 heresim
871 1207 923 1263 Pe·

97 1311 240 1382 lagianam
255 1305 405 1375 inciderit,
425 1313 453 1360 et
471 1304 535 1359 ideo
548 1303 629 1373 justo
645 1299 695 1355 [155
709 1297 819 1369 judicio
834 1309 922 1352 sensu

98 1398 224 1472 perdito,
241 1411 306 1454 eum
322 1394 447 1451 amentia
464 1392 552 1449 vitam
570 1389 706 1446 finiverit.

97 1488 170 1546 5551
186 1485 310 1558 tyberii.

134 1576 243 1648 (11.5.)
256 1577 338 1630 5555
351 1570 502 1628 dominicae
519 1564 729 1625 incarnationis
750 1567 825 1634 576⁰,
838 1560 924 1618 Urbis

971 408 1157 481 vindemiam,
1166 410 1479 482 Sophyalustinianum
1492 409 1565 464 clani
1577 412 1702 481 vocavit,
1715 428 1793 469 eum·

973 497 1065 566 55555
1083 513 1202 567 regnum
1218 499 1377 554 sublimare
1395 498 1794 572 555555151155551155515-

974 587 1082 657 555555,
1101 587 1272 643 festinanter
1286 587 1568 658 Constantinopolim
1579 587 1675 657 rediit,
1693 604 1792 662 appre-

974 674 1151 745 hensamque
1169 677 1320 747 sophyam,
1332 676 1465 731 omnibus
1480 675 1542 732 suis
1553 677 1641 732 rebus
1653 691 1714 733 earn
1730 692 1796 750 spo·

974 762 1066 834 liavit,
1086 764 1235 820 dimittens
1250 765 1276 820 ei
1292 768 1404 820 tantum
1418 764 1492 820 unde
1507 764 1629 834 viveret,
1643 769 1671 820 et
1689 765 1796 825 tollens

975 867 1075 909 omnes
1093 868 1199 925 pueros
1215 853 1286 924 ejus,
1305 853 1341 908 dc
1362 853 1421 909 suis
1438 852 1574 909 lldclibus
1590 855 1689 925 posuit
1706 855 1754 926 555
1769 856 1796 912 55

977 942 1134 1007 servirent,
1148 942 1312 1014 precipiens
1334 947 1365 997 ut
1381 941 1477 998 nullus
1492 957 1526 997 er
1544 942 1589 997 his
1605 943 1653 1013 551
1670 945 1695 999 51
1713 949 1797 1002 55555

978 1032 1145 1088 serviebant
1160 1031 1195 1086 ad
1211 1046 1273 1086 cam
1286 1031 1449 1087 accederet.
1470 1030 1664 1087 Justiniauum
1676 1047 1745 1088 vcro
1755 1047 1798 1089 so·

978 1119 1013 1176 lis
1027 1118 1126 1175 verbis
1143 1120 1314 1190 corripiens,
1328 1119 1355 1174 in
1369 1123 1480 1176 tantum
1492 1133 1555 1175 cunr
1570 1125 1670 1190 postea
1684 1121 1796 1194 dilexit,

978 1213 1009 1266 ut
1021 1209 1107 1264 515555
1119 1223 1200 1264 suam
1214 1207 1273 1262 lrlio
1284 1208 1348 1278 ejus
1360 1207 1545 1279 promitteret
1558 1223 1730 1280 rursumque
1739 1209 1798 1267 illio

979 1314 1028 1355 sua
1039 1298 1125 1352 515555
1136 1297 1199 1368 ejus
1221 1301 1388 1368 expeterct;
1401 1297 1452 1352 scd
1463 1297 1560 1352 nescio
1577 1311 1633 1368 555
1649 1298 1684 1353 15
1700 1313 1730 1354 55
1747 1298 1799 1356 555

979 1386 1159 1443 5151155555
1177 1400 1232 1441 555
1257 1386 1399 1457 pervenit.
1418 1385 1459 1456 (P.
1477 1388 1508 1440 b.
1528 1386 1550 1441 l.
1571 1386 1583 1441 1
1600 1388 1609 1457 )
1627 1387 1676 1442 1155
1701 1387 1800 1458 itaque

980 1476 1046 1547 5515
1063 1474 1171 1531 multas
1190 1474 1364 1531 elemosinas
1390 1475 1512 1530 cottidie
1541 1476 1619 1547 lecit,
1636 1476 1758 1532 multum
1774 1477 1800 1532 ei

980 1566 1056 1621 Deus
1068 1579 1169 1621 aurum
1182 1563 1404 1641 demonstravit.
1422 1563 1541 1635 (1155.)
1559 1562 1686 1629 Quadam
1704 1565 1801 1636 555555

98 1681 167 1723 5555
177 1663 302 1721 conditae
312 1651 923 1728 55111551553570,15555555155555555555,
938 1699 966 1760 Β
982 1651 1227 1709 diedcanrbulans
1237 1668 1289 1724 per
1298 1651 1565 1723 palatiurn,viditiu
1578 1653 1743 1724 pavimento
1755 1668 1803 1724 pe·

96 1769 204 1824 genere
215 1753 319 1821 Thrax,
338 1754 385 1806 55Ο
407 1749 472 1804 1555
487 1748 522 1803 55
537 1747 670 1815 Angusto
685 1741 838 1814 imperium
853 1738 926 1795 acci·
982 1747 1067 1812 tram,
1082 1742 1175 1812 inqua
1199 1742 1344 1813 sculptum
1357 1745 1420 1797 erat
1437 1745 1544 1797 sanctae
1559 1741 1656 1797 arcels
1671 1741 1798 1811 signum.

100 1844 191 1916 piens,
212 1845 370 1898 coronatus
386 1842 431 1895 est
447 1837 482 1892 ab
499 1834 611 1892 Euticio
630 1830 807 1904 patriarcha,
826 1842 926 1898 regna·

99 1933 200 2004 515555
216 1931 300 1985 55555
315 1934 339 1984 7.
359 1927 412 1994 Qui
428 1925 547 1981 mittens
568 1921 689 1978 adduxit
706 1933 826 1976 uxorem
844 1931 924 1974 suam

101 2020 294 2089 anastasiam,
307 2021 334 2074 et
357 2015 510 2072 coronavit
531 2027 603 2068 eam.
614 2010 683 2076 Qnae
694 2023 758 2065 cum
770 2018 926 2063 coronare·

99 2113 158 2177 tur,
170 2107 332 2165 clamabant
343 2109 456 2177 partes:
471 2102 645 2169 Anastasia,
656 2099 806 2155 tarincas.
815 2093 923 2165 55155,

99 2183 924 2268 055555555555555151555555555.11555515555855555,

99 2301 174 2345 uxor
188 2285 306 2354 Justini,
332 2284 427 2339 animo
444 2279 578 2352 perculsa
594 2281 657 2343 est;
683 2274 834 2332 nesciebat
849 2270 926 2328 enim

100 2374 176 2447 quod
191 2374 313 2431 haberet
330 2386 459 2442 5555555,
476 2369 654 2438 5515555555
670 2366 734 2437 5555
750 2363 861 2419 555555
876 2361 927 2431 Ty·

101 2465 183 2522 herio
199 2469 228 2520 et
246 2475 416 2534 permanere
429 2464 562 2529 augusta,
574 2455 696 2522 Quidam
708 2468 778 2510 vcro
790 2449 926 2507 dicebant

101 2553 188 2626 5551,
202 2552 317 2609 5555555
333 2550 457 2608 tustino.
475 2546 638 2603 adamicata
655 2543 740 2600 luerit
751 2539 885 2612 Tyberio,
897 2537 926 2593 et

102 2644 163 2715 ipsa
180 2640 359 2714 persuaserit
380 2638 508 2706 tustino,
525 2639 557 2693 ut
573 2649 638 2690 eum
663 2645 802 2689 caesarem
819 2628 927 2683 laceret

103 2730 363 2802 (5115155555).
395 2727 529 2795 Quicum
559 2721 784 2780 adhucviventc
814 2715 927 2774 tustino

104 2823 236 2892 preesset
252 2816 370 2889 palatio,
388 2819 416 2871 et
433 2819 464 2871 ut
481 2829 548 2869 5555
560 2810 740 2868 christianus
756 2808 928 2864 thesaurum

105 2907 237 2978 multum,
255 2921 339 2978 quem
353 2904 487 2961 tustinus
503 2900 576 2957 rnalc
587 2897 775 2969 congregavit
786 2894 928 2967 pejusque

105 2998 133 3053 55
150 2996 254 3052 1555555
268 2995 365 3051 555555
380 2992 523 3064 reposuit,
534 2988 713 3063 pauperibus
724 2984 927 3054 distribueret,

981 1832 1015 1886 Et
1028 1832 1084 1886 ait:
1102 1831 1196 1887 draca
1211 1831 1332 1888 Derraiaa'
1343 1829 1465 1902 frontes
1479 1830 1508 1887 at
1520 1831 1753 1901 555155555555
1765 1831 1805 1890 si·

978 1918 1805 1992 ancreneocaesareaesubpartituraraatrasecmcatca-

980 2008 1191 2079 mas,etJussit
1213 2009 1404 2065 eumaulcrri.
1424 2007 1572 2074 Quacum
1589 2006 1746 2080 levaretur,
1764 2010 1805 2066 in·

982 2103 1123 2154 venerunt
1140 2098 1225 2153 aliam
1247 2097 1335 2153 simili
1355 2099 1439 2153 modo
1456 2096 1611 2166 signatam.
1632 2098 1760 2168 Curaque
1776 2102 1804 2155 et

983 2189 1056 2243 hanc
1069 2186 1368 2257 sublevarijussissct,
1378 2187 1511 2258 apparuit
1524 2187 1626 2242 tercia.
1641 2188 1718 2243 llauc
1735 2202 1806 2258 555·

983 2290 1038 2347 555
1049 2291 1114 2331 cum
1127 2274 1283 2345 levassent,
1293 2275 1465 2331 invenerunt
1481 2274 1640 2345 plusquam
1650 2274 1727 2332 mille
1740 2290 1806 2332 cen·

983 2365 1095 2421 tenacia
1111 2363 1184 2421 auri.
1202 2362 1264 2429 Quo
1281 2362 1407 2434 sublato,
1426 2362 1547 2420 multum
1560 2363 1738 2435 pauperihus
1750 2363 1807 2421 lar·

981 2454 1061 2524 55555
1077 2458 1122 2510 555
1139 2468 1175 2509 55
1190 2468 1238 2508 55.

1019 2545 1125 2598 1555555
1137 2556 1253 2613 555555
1269 2541 1409 2612 patricius
1421 2555 1551 2612 magnam
1564 2540 1680 2600 domum
1692 2541 1804 2616 habuit,

984 2632 1011 2687 in
1029 2647 1084 2703 555
1099 2631 1257 2687 cisternam
1275 2630 1395 2700 iaciens,
1408 2630 1530 2687 multum
1543 2644 1645 2688 aurum
1662 2636 1690 2688 et
1705 2647 1807 2702 argen-

984 2724 1044 2775 tum
1075 2720 1102 2775 in
1131 2734 1163 2775 55
1186 2718 1330 2788 55555155,
1359 2718 1496 2776 55511555
1523 2733 1624 2776 omues
1649 2720 1736 2790 buius
1764 2716 1806 2776 555

949 2839 952 2845 ·
983 2809 1119 2866 conscios
1134 2813 1232 2880 555555
1253 2822 1351 2865 senem
1373 2823 1470 2877 unum,
1497 2823 1586 2879 5555
1608 2810 1805 2879 juramentum

983 2899 1114 2968 exigens,
1145 2897 1239 2953 omnia
1260 2897 1286 2953 ei
1310 2898 1537 2957 commendavit.
1573 2899 1685 2956 hlortuo
1710 2904 1806 2957 autem

985 2990 1115 3059 h'arscte,
1136 2987 1288 3058 predictus
1302 3001 1391 3042 senex
1407 2985 1441 3042 ad
1457 2987 1609 3056 Tyberium
1622 2989 1710 3059 venit,
1728 2993 1756 3046 et
1772 2989 1789 3045 1

104 3084 217 3157 sophya
247 3088 371 3154 augusta
397 3079 581 3152 15555555555
602 3092 667 3135 curn
698 3073 870 3145 increpavit,
887 3071 929 3127 di·
945 3063 969 3125 C
985 3078 1085 3135 eadem
1097 3075 1407 3150 pecuniaeiindicavit.
1419 3075 1471 3141 Qui
1482 3077 1602 3146 gavisus
1612 3079 1807 3151 rnisitpuerea

104 3188 190 3232 cens:
205 3173 289 3240 anal
299 3185 407 3244 555555
421 3170 530 3227 maritas
541 3181 634 3225 55555
644 3163 832 3238 congregavi,
849 3161 882 3218 15
896 3161 929 3217 55

104 3264 217 3322 modico
230 3265 355 3335 tempora
374 3259 527 3332 55555515.
548 3257 597 3314 Cui
615 3256 664 3312 illc
684 3256 744 3311 ait:
762 3251 881 3324 Confido
895 3251 930 3308 a'n

102 3354 237 3423 Dandae,
246 3345 690 3425 551555555155555555515555
700 3340 929 3415 5555555555

99 3455 247 3514 pauperes
260 3441 437 3499 5155551555
452 3431 766 3508 555155555515551151
779 3430 930 3489 rediman-

105 3531 220 3587 tur.iiic
231 3528 483 3599 cumlmperialem
498 3525 818 3593 eoronamaccepturus
836 3521 928 3590 esset,

103 3608 928 3690 eumqueJ'uxtaconsuetndineminspectaculocirei,uhi

103 3722 189 3778 regas
205 3706 338 3763 coronari
355 3705 500 3774 solebant,
515 3700 641 3774 populus
656 3701 854 3770 exspectaret,
868 3696 929 3768 555-

104 3796 168 3852 dam
186 3794 346 3852 adversarii
364 3792 483 3849 insidias
499 3792 525 3846 ei
543 3794 730 3863 paraverunt,
748 3791 776 3843 et
792 3787 930 3844 Justinia·

105 3900 182 3956 num,
205 3890 341 3957 nepotem
356 3881 472 3952 Justini,
491 3881 517 3935 in
535 3880 688 3951 imperium
705 3877 865 3934 sublimare
881 3892 938 3935 vo·-

103 3972 232 4032 luerunt.
251 3973 301 4030 llle
313 3976 410 4030 autem
424 3971 505 4042 prius
515 3968 576 4026 loca
589 3973 689 4025 sancta
702 3966 927 4039 perambulavit,

104 4069 207 4136 postea
218 4078 326 4120 vocans
336 4062 371 4119 51
384 4076 415 4118 55
425 4060 589 4132 pontificem
600 4059 683 4115 urhis
694 4057 850 4128 Euticium,
862 4071 928 4113 cum

103 4151 310 4210 consulibuset
332 4150 471 4223 prefectis
491 4149 658 4219 ceterisque
679 4147 829 4203 honoratis
852 4145 929 4218 pala·

105 4233 928 4311 tiumintravit,etinduenssepurpuracoronamquesibi

104 4330 266 4401 imponens
284 4329 361 4386 sedit
381 4344 471 4400 55555
494 4326 591 4383 sedem
610 4325 801 4398 imperialem,
817 4329 847 4380 et
863 4338 928 4381 curn

984 3184 1134 3226 suoscum
1165 3169 1275 3240 55555
1303 3168 1468 3241 5555555555
1498 3170 1667 3243 cisternam,
1697 3180 1806 3234 tantam

985 3258 1136 3332 pecuniam
1158 3259 1342 3329 5555555551,
1361 3264 1391 3315 55
1417 3260 1590 3330 permultos
1615 3262 1678 3319 dies
1695 3264 1741 3320 rix
1758 3281 1808 3337 po-

986 3349 1091 3405 tuisset
1122 3349 1281 3420 deportari.
1312 3347 1402 3414 Quam
1424 3365 1504 3405 more
1528 3366 1581 3406 suo
1598 3366 1670 3422 pene
1693 3369 1806 3412 omnem

985 3439 1164 3510 pauperibus
1184 3438 1330 3508 erogavit.
1356 3439 1417 3508 llic,
1436 3455 1500 3495 cum
1522 3442 1703 3512 temporibus
1720 3445 1808 3502 uene-

986 3528 1056 3585 dicti
1073 3543 1164 3599 papae.
1182 3529 1366 3584 vastantibus
1382 3528 1475 3583 emnia
1492 3530 1700 3603 Lorrgobardis,
1719 3535 1807 3592 lloma

987 3618 1059 3673 lame
1082 3616 1241 3686 laboraret,
1268 3616 1453 3673 multamilia
1484 3619 1646 3677 modiorum
1671 3622 1807 3681 humenti
1875 3671 1880 3677 .

985 3706 1107 3762 navibus
1132 3707 1168 3761 ab
1192 3708 1314 3777 AEgypte
1344 3706 1484 3779 dirigens,
1510 3724 1573 3764 earn
1598 3710 1807 3772 misericordie

985 3796 1083 3852 studio
1099 3795 1249 3851 relevavit.

1019 3885 1120 3940 Tercle
1148 3884 1234 3953 hujus
1262 3899 1337 3939 anne
1359 3899 1409 3941 rex
1439 3888 1592 3943 Persarum
1620 3892 1807 3961 congregavit

985 3973 1146 4030 exereitum
1158 3971 1307 4043 copiosum
1326 3979 1429 4029 contra
1441 3989 1516 4044 curn,
1533 3976 1585 4031 sed
1602 3978 1705 4035 missus
1721 3981 1756 4036 ab
1771 3995 1808 4037 eo

984 4062 1131 4120 exercitus
1147 4062 1220 4117 duee
1235 4061 1374 4117 Mauricio
1391 4064 1494 4119 Persas
1513 4065 1593 4136 vicit,
1612 4082 1807 4141 reversusque

984 4151 1139 4211 Mauricius
1164 4165 1229 4207 euru
1254 4151 1388 4220 victoria,
1413 4151 1572 4210 honorilice
1595 4158 1746 4227 anberio
1761 4169 1808 4219 est

985 4240 1805 4314 susceptus,dataqucsibihlinimperatorisConstantina

985 4331 1147 4402 gencrejus
1164 4335 1209 4386 est
1224 4331 1356 4387 51155555.
1375 4330 1515 4389 Similiter
1535 4341 1564 4390 ct
1591 4337 1807 4412 1555555555-

104 4419 216 4489 magnis
227 4418 363 4475 laudibus
375 4418 403 4473 in
414 4415 506 4487 gloria
518 4417 651 4487 regniest
665 4414 863 4471 confirmatus.
876 4413 926 4484 (H.
944 4425 970 4486 1)
987 4420 1042 4477 acri
1052 4419 1149 4490 junxit
1166 4419 1253 4475 liliam
1265 4434 1347 4476 suam
1358 4422 1485 4492 charito,
1500 4430 1656 4494 utrumque
1667 4442 1806 4485 caesarem

102 4510 154 4581 na.)
171 4508 253 4575 Quod
275 4507 409 4564 videntes
426 4507 490 4578 cius
511 4505 684 4576 adversarii,
706 4518 808 4574 magna
829 4502 900 4560 5555
919 4533 930 4543 -

104 4597 184 4654 55555
200 4602 266 4654 5555
287 4597 431 4668 cooperti.
450 4595 632 4653 lastinianus
647 4610 717 4652 vero
738 4598 803 4665 post
819 4606 930 4665 paucos

104 4686 168 4744 dies
179 4687 309 4757 veniens,
334 4686 456 4758 projecit
474 4685 554 4742 5551
570 4684 659 4757 pedes
674 4684 747 4755 ejns,
772 4689 803 4739 ct
819 4686 849 4740 ut
864 4698 930 4753 gra·

104 4779 173 4832 tram
189 4777 252 4847 cius
268 4776 399 4843 haberet,
414 4775 578 4844 5555515555
591 4773 758 4830 5555555555
771 4773 834 4829 5555
850 4771 929 4829 dedit

102 4865 140 4922 ei.
159 4864 221 4935 1115,
240 4869 269 4919 55
286 4879 401 4934 semper
418 4863 472 4918 luit
487 4863 611 4933 patiens,
625 4862 753 4933 suscepit
767 4877 832 4918 eum
845 4863 929 4938 beno,

101 4953 248 5027 jussitque
264 4969 329 5011 eum
346 4953 373 5008 in
404 4952 513 5024 palatio
528 4967 642 5022 semper
672 4966 799 5008 manere.
816 4955 929 5025 Sophva

104 5043 391 5115 555555,155555555
404 5040 608 5114 promissionis
631 5040 879 5113 uuanraliquando
892 5044 904 5098 l
919 5074 930 5085 -

104 5137 188 5191 eerat
202 5132 336 5204 Tyberio,
356 5131 510 5203 temptavit
529 5130 554 5188 ei
573 5130 702 5186 fraudem
720 5130 861 5199 ingerere.
879 5133 932 5188 Ex·

103 5225 193 5281 eunte
204 5222 279 5279 enim
302 5221 351 5278 illo
367 5220 403 5278 ad
418 5219 526 5292 villam,
545 5224 576 5277 ut
591 5218 674 5289 juxta
688 5220 930 5278 consuetudinem

986 4523 1102 4566 creans.
1651 4518 1660 4531 ‘

1023 4597 1121 4668 (1.1).
1143 4598 1189 4669 ill,
1208 4599 1269 4669 13.)
1285 4597 1326 4654 51
1353 4599 1428 4655 5555
1456 4601 1608 4671 Tyberiurn
1635 4603 1807 4675 llelpericus

987 4703 1039 4744 rex
1049 4689 1225 4744 Francorum
1237 4688 1341 4744 missos
1363 4703 1432 4745 suos
1443 4689 1560 4760 direxit,
1586 4694 1616 4747 et
1628 4693 1716 4748 inulta
1733 4693 1807 4751 dona

986 4776 1109 4848 aceepit,
1121 4775 1691 4848 55555·5ο555155,55555555555555155
1704 4781 1807 4840 libram

987 4865 1129 4940 pensavit,
1143 4871 1171 4920 cl
1184 4866 1328 4921 habehant
1340 4881 1378 4921 ex
1388 4881 1443 4922 una
1461 4872 1543 4938 parte
1553 4867 1674 4938 figuram
1686 4870 1809 4941 impera·

986 4956 1060 5013 toris
1072 4960 1103 5012 et
1118 4968 1170 5027 per
1185 4969 1287 5025 gyrum
1299 4954 1440 5026 seriptum
1454 4974 1464 5010 :
1483 4955 1602 5028 1555515
1619 4958 1811 5020 Constantini

984 5046 1121 5118 55555155·
1134 5045 1273 5126 anemii,
1288 5042 1429 5101 55515555
1441 5048 1523 5117 parte
1534 5061 1662 5118 currum,
1680 5053 1708 5105 et
1721 5048 1811 5106 homi·

986 5148 1150 5206 namsuper
1174 5149 1239 5191 eum
1252 5133 1300 5205 qui
1324 5134 1452 5192 minabat
1469 5135 1560 5208 illum,
1578 5141 1606 5193 55
1624 5137 1737 5196 5555555
1753 5139 1810 5197 555·

986 5223 1197 5295 cumscriptum
1213 5244 1220 5278 ι
1238 5221 1344 5281 Gloria
1358 5225 1569 5283 Rornanorum.

785 5370 904 5427 VARIAE
925 5372 1125 5431 anemonas.

141 5507 187 5543 ¹⁰⁸⁶
204 5506 478 5567 carantanae.
517 5503 562 5539 ¹⁰⁵⁷
578 5503 606 5560 in
620 5518 647 5576 8·
665 5503 772 5564 acuat
784 5507 880 5568 4-11.
