3788 6000
54 226 132 291 1845

552 220 789 295 CHRONICON
804 228 836 290 S.
856 222 1037 290 HUBERTl
1052 224 1247 291 ANDAGIN.

1677 222 1754 289 late

48 380 128 450 gusti
140 381 168 436 in
180 380 227 437 die
239 382 332 438 sancti
346 378 492 438 Laurentii
508 381 655 453 martyris,
669 382 875 439 monachorum
889 364 917 418 Α
931 380 1080 436 frinitate.
1090 382 1265 451 supererant
1280 381 1337 437 duo
1348 381 1441 437 totius
1451 379 1518 436 anni
1530 380 1682 451 omeliarii,
1693 381 1755 453 qui·

49 467 90 524 ibi
106 469 276 539 religionem
286 470 450 537 constituit,
468 470 673 542 dispositiseis
684 469 877 541 possessioni-

51 555 107 613 bus
118 562 147 612 et
160 555 293 628 legaliter
305 557 483 615 confirmatis
499 558 527 613 in
543 564 701 630 posterum,
720 573 783 629 quae
798 557 878 614 sulli-

50 650 155 701 eerent
166 645 268 702 usibus
283 646 323 702 ibi
335 647 392 702 lieo
403 646 602 703 seruientium.
619 646 818 703 constitutum
831 649 876 702 est

50 732 140 788 etiam
152 734 341 791 excommuni
358 734 478 791 decreto
494 738 526 791 ut
536 734 571 790 de
588 735 732 791 reditibus
745 733 877 791 donatio·

51 835 120 877 num
138 836 201 891 quae
218 822 300 878 factae
317 823 431 879 fuerant
460 825 545 880 beato
562 823 709 893 Bercgiso,
726 823 761 878 ab
777 822 877 879 ebrum

52 908 877 984 procuratoribusadlocumipsumdelerreturineadem

53 995 102 1051 die
114 997 259 1052 annuatim
272 997 431 1068 oblationi
443 998 542 1055 exhoc
554 998 582 1053 in
600 1002 750 1073 posterum
761 1001 790 1053 et
803 997 879 1070 prio·

54 1083 97 1141 ris
111 1085 316 1156 acquisitionis
329 1091 357 1142 et
377 1087 547 1156 posterioris
560 1086 720 1157 adjumenti
732 1087 879 1143 discerne·

54 1176 138 1229 retur
148 1173 349 1230 ecclesiastiea
362 1176 522 1247 possessio.
540 1176 602 1242 Quo
619 1176 686 1232 dum
699 1176 798 1247 plures
811 1189 879 1231 con·

54 1266 219 1332 currerent,
236 1266 267 1318 ut
284 1263 311 1317 in
327 1266 386 1320 tam
402 1267 513 1319 remota
529 1264 647 1319 heremo
659 1266 741 1319 tanto
756 1262 879 1319 liberius

54 1355 165 1418 quanto
175 1355 205 1405 et
215 1352 360 1409 secretius
370 1354 429 1409 beo
440 1357 589 1419 vacarent,
603 1353 719 1423 quidam
731 1352 818 1408 etiarn
831 1366 880 1407 no-

56 1434 176 1492 biliores
188 1436 289 1494 clerici
300 1438 472 1496 deecclesia
486 1439 564 1496 beati
575 1439 720 1495 lamberti
732 1453 766 1495 eo
777 1452 881 1495 conue-

55 1529 172 1595 nerunt,
196 1531 366 1598 mutatoque
392 1527 493 1584 habitu
510 1529 545 1583 ad
565 1532 764 1601 contemptum
783 1525 880 1583 mundi

55 1625 89 1668 se
105 1611 185 1684 ipsos
198 1614 324 1670 viriliter
335 1615 534 1673 accinxerunt.
554 1616 598 1671 llii
610 1630 706 1672 secum
719 1614 881 1671 deliberato

933 468 1152 537 busrenovatis,
1170 468 1483 526 hiemalisdatusestin
1499 468 1755 525 elemosinaeccle-

932 555 983 612 siae
995 555 1188 612 (liviniacensi
1201 558 1257 629 (aa)
1269 557 1410 613 :estivalis
1420 572 1489 613 roro
1500 557 1605 613 missus
1618 561 1664 612 est
1673 556 1756 612 celle

932 644 1046 700 Pirensi
1055 645 1121 716 (23).
1131 646 1169 701 lle
1180 645 1372 702 translatione
1387 650 1482 703 autem
1495 646 1571 701 beati
1580 644 1698 701 liuberti
1711 659 1757 700 ce·

933 738 997 789 tera
1009 734 1133 789 reticere
1144 733 1713 805 censuimus,quoderidentiusetlatius
1723 748 1756 789 ea

933 821 1221 891 enumeratejusdem
1232 823 1692 895 translationispropriustextus.
1700 819 1757 876 Sed

934 916 962 967 et
975 910 1175 968 hoenimiruur
1191 926 1257 969 cum
1274 912 1313 968 sit
1329 917 1425 969 actum
1441 911 1538 967 diriua
1552 910 1647 981 gratia
1663 909 1758 980 dispo-

934 1005 1033 1071 nente,
1051 1001 1131 1057 credi
1160 1000 1354 1072 probabiliter
1370 1004 1479 1072 potest,
1494 1001 1626 1057 eumdem
1642 998 1758 1055 beatum

934 1086 1759 1160 pontiflccnrinlccoquoroncraultisbcregisusquiesce-

935 1179 995 1247 bat,
1011 1192 1042 1234 se
1056 1191 1170 1248 quoque
1190 1177 1319 1235 voluisse
1334 1182 1486 1248 gratanter
1507 1177 1670 1248 quiescere.
1691 1176 1760 1231 Fue-

936 1270 1003 1322 runt
1019 1265 1144 1336 denique
1159 1267 1395 1339 contemporales
1409 1266 1538 1336 ejusdem
1560 1265 1616 1323 loci
1632 1263 1759 1321 studiosi

936 1358 1152 1425 cooperatores.
1171 1354 1272 1411 beorrit
1296 1370 1366 1425 crgo
1381 1360 1413 1410 ut
1428 1353 1636 1425 quorumdum
1652 1353 1680 1408 in
1695 1366 1758 1408 eor-

936 1456 1007 1513 porc
1019 1443 1448 1512 manerentviguitahinvicem
1458 1442 1650 1510 familiaritas,
1659 1456 1759 1498 eorum

936 1532 1025 1588 etiam
1046 1538 1262 1589 veneraretura
1276 1532 1431 1589 deuotione
1456 1531 1584 1587 fidelium
1596 1531 1624 1586 in
1641 1546 1698 1587 uno
1712 1544 1760 1586 eo·

938 1618 1003 1675 dom
1020 1618 1083 1675 loco
1101 1621 1251 1676 beatorum
1267 1633 1423 1691 corporum
1436 1619 1574 1675 societas.
1593 1617 1675 1684 Quod
1690 1632 1759 1674 uero

55 1699 421 1761 consiliosumdemlocum
431 1704 523 1761 adhuc
533 1701 880 1773 honestiussublimandi,
896 1710 923 1770 Β
938 1708 1117 1778 temporales
1125 1709 1242 1772 fuerint,
1251 1709 1349 1779 siquis
1359 1709 1470 1765 certius
1482 1723 1567 1764 nosse
1580 1707 1761 1778 volucriter

56 1788 219 1859 prasertim
236 1805 300 1847 cum
318 1791 345 1847 in
362 1793 417 1848 hoc
439 1792 501 1864 ipso
518 1790 695 1863 patrocinari
711 1790 768 1847 sibi
783 1804 882 1862 spera-

57 1883 124 1934 rent
149 1878 274 1935 favorem
295 1881 454 1951 pontificis,
482 1879 630 1953 petierunt
647 1880 682 1936 ab
711 1895 745 1936 eo
762 1880 885 1936 transfe-

58 1966 181 2024 rendum
196 1966 247 2023 illo
263 1983 370 2041 corpus
391 1969 468 2025 beati
485 1968 617 2038 lluherti,
634 1969 803 2025 asserentes
819 1966 883 2023 urbi

59 2054 194 2112 sufficere
209 2057 404 2128 patrocinium
416 2058 494 2115 beati
505 2057 660 2115 lamberti.
675 2056 744 2123 Quae
759 2056 885 2113 reslicet

60 2158 114 2216 pro
123 2145 167 2201 sui
179 2144 377 2215 magnitudine
389 2146 508 2203 nimium
517 2145 643 2202 difficilis
654 2145 804 2202 uideretur
816 2159 886 2217 pou-

60 2231 142 2302 tisrci,
156 2232 252 2289 divina
264 2238 359 2290 tamen
368 2234 473 2304 gratia,
482 2235 528 2293 cui
540 2234 626 2291 nichil
639 2238 685 2290 est
694 2232 884 2304 impossibile,

56 2319 344 2391 justispetitionibus
352 2321 751 2378 acceleraviteffectumNam
760 2319 885 2377 collecta

60 2408 385 2480 episcoporumspnodo
397 2400 887 2481 provincialiapidecclesiamhea·

62 2500 100 2551 tae
112 2496 206 2554 llariae
222 2497 396 2567 aquisgrani
414 2497 525 2571 palatii,
538 2498 702 2555 ludovicus
718 2497 784 2569 pius
799 2501 828 2552 et
844 2511 888 2553 re·

61 2580 888 2655 ligiosusimperatorinteresseroluitecclesiasticisuti·

60 2668 197 2728 litatibus
214 2671 319 2728 ibidem
344 2673 545 2745 disponendis.
562 2673 606 2729 lbi
621 2687 686 2730 cum
702 2671 887 2729 Gualcaudus

63 2759 187 2816 referret
212 2760 365 2818 consilium
382 2761 418 2818 de
443 2761 648 2819 transferendo
673 2775 795 2834 corpore
810 2760 887 2816 beati

63 2848 186 2905 lluheru·
203 2848 238 2904 ad
264 2848 359 2906 locum
376 2850 567 2922 indaginum,
585 2849 682 2906 diuina
698 2848 888 2922 dispositione

65 2937 197 3010 praedicti
210 2938 349 3010 principis
360 2942 388 2996 et
402 2939 492 2997 totius
501 2939 603 3010 synodi
616 2939 682 2995 inde
693 2938 888 2996 voluntarium

938 1797 1032 1868 gestis
1045 1798 1220 1853 Francorum
1234 1797 1290 1868 (att
1308 1812 1360 1868 per
1375 1801 1507 1869 tempora
1530 1812 1630 1867 regum
1646 1796 1762 1867 etprin-

940 1885 1035 1956 cipum
1054 1885 1170 1957 probari
1190 1885 1308 1957 poterit.
1333 1885 1453 1957 Pipinus
1463 1885 1538 1941 cuim
1556 1885 1665 1956 primus
1676 1884 1763 1955 hujus

941 1975 1066 2031 nominis
1078 1977 1132 2031 sub
1148 1974 1284 2032 lothario
1300 1989 1379 2045 roge,
1397 1975 1445 2046 qui
1462 1974 1516 2031 fuit
1532 1974 1608 2029 filins
1623 1973 1764 2045 llilperiei

941 2078 976 2120 ex
989 2063 1189 2134 fredegunde,
1202 2064 1260 2121 dux
1271 2069 1301 2119 ct
1313 2063 1404 2133 nraJor
1413 2063 1516 2120 delirus
1527 2064 1637 2131 extitit,
1648 2063 1766 2132 negotia

941 2152 1022 2221 regni
1038 2152 1196 2223 disponens
1223 2167 1289 2209 cum
1308 2152 1425 2208 domino
1450 2151 1609 2207 Curriberto
1624 2150 1765 2221 archiepi-

941 2254 1031 2312 scopo
1043 2239 1218 2297 Coloniensi.
1237 2240 1289 2308 Qui
1303 2242 1357 2295 sub
1372 2240 1491 2311 regibus
1506 2239 1669 2309 [legoberto
1680 2243 1709 2294 et
1723 2239 1765 2294 Si·

941 2329 1057 2398 giberto
1067 2327 1397 2399 nobilitaretsapionter
1409 2343 1440 2384 sc
1451 2327 1762 2398 agenspersererarit;

942 2416 989 2472 hic
1000 2416 1145 2486 genuitex
1157 2415 1225 2472 ldda
1235 2431 1325 2473 uxore
1344 2430 1396 2472 sua
1408 2416 1497 2473 nobili
1510 2423 1540 2472 ct
1551 2415 1687 2485 religiosa
1703 2416 1763 2471 Gri-

942 2503 1088 2560 moaldum
1103 2511 1133 2560 et
1150 2506 1284 2575 beggam,
1301 2510 1331 2560 ct
1348 2506 1461 2561 beatam
1473 2504 1655 2560 Gerlrudem.
1670 2505 1764 2574 ltegga

942 2606 1012 2649 vero
1024 2597 1113 2663 nupta
1139 2593 1279 2663 ansegiso
1291 2593 1359 2648 duci
1374 2594 1474 2662 genuit
1490 2592 1565 2649 hunc
1577 2598 1709 2649 nostrum
1721 2593 1766 2648 ri·

944 2681 1041 2753 pinum
1054 2681 1213 2737 secundum
1231 2681 1317 2750 hujus
1329 2682 1463 2751 norrrinis,
1477 2686 1609 2752 tempore
1627 2680 1765 2738 llilderici

943 2774 973 2826 et
987 2769 1157 2827 Theoderici
1167 2786 1276 2840 regum.
1292 2768 1566 2827 Subhocllildcrico
1577 2770 1767 2827 beatuslam·

945 2857 1046 2914 bertus
1056 2859 1253 2928 fregcutcmsi
1265 2856 1275 2891 ⁰
1289 2859 1390 2927 riguit.
1401 2858 1702 2914 Theodericusautem
1714 2873 1767 2915 rex

945 2953 975 3002 ut
997 2951 1060 3001 erat
1085 2946 1247 3003 hebetioris
1276 2946 1393 3017 ingenii,
1423 2947 1563 3004 abusione
1596 2947 1766 3018 nequissimi

66 3025 194 3083 obtinuit
208 3040 369 3092 assensum,
395 3027 502 3085 indicta
519 3029 544 3084 ei
566 3027 743 3097 corditione,
759 3032 790 3083 ut
806 3031 888 3083 tanto
905 3063 930 3125 C
946 3024 1075 3095 Ebroini,
1094 3025 1222 3095 quierat
1250 3027 1340 3097 major
1368 3025 1472 3082 domus
1499 3026 1573 3097 ejus,
1604 3027 1767 3083 ammodum

66 3115 197 3185 pontifici
206 3116 425 3172 convenientem
438 3115 591 3188 ampliaret
603 3118 789 3186 bonorem,et
802 3115 889 3172 colle·

66 3203 124 3258 ctis
136 3203 241 3259 ibidem
254 3204 394 3261 fratribus
408 3210 465 3259 tam
477 3206 673 3276 praesentibus
685 3218 770 3276 quam
783 3204 889 3261 futuris

67 3289 112 3346 rel
124 3292 376 3362 posteriscuraret
385 3308 497 3349 omnem
505 3293 663 3350 excludere
670 3293 887 3351 necessitatem.

67 3380 233 3435 constituta
248 3395 319 3437 vcro
335 3381 429 3438 dicad
446 3397 505 3438 rem
517 3382 716 3454 exequendam
733 3383 796 3453 ipse
813 3382 890 3454 prin-

66 3483 136 3540 ceps
150 3469 283 3525 leodium
296 3471 385 3540 remit,
402 3475 431 3526 ct
443 3486 508 3526 curn
525 3470 651 3542 palatina
666 3476 724 3527 tum
736 3471 825 3527 etiam
840 3486 890 3542 po·

67 3557 161 3628 pulari
176 3558 338 3629 frequentia
353 3574 461 3631 eorpus
479 3564 610 3616 sanctum
622 3559 699 3630 quod
713 3575 778 3617 cum
794 3558 890 3616 loculo

67 3660 119 3701 suo
129 3644 244 3716 lapideo
258 3649 501 3717 transferebatur,
510 3648 889 3719 devotissimcprosccutus,

67 3733 173 3789 llosam
186 3733 257 3790 illud
270 3736 453 3809 transposuit
463 3751 528 3792 cum
540 3737 646 3793 <lirinis
663 3736 776 3805 lrprnnis
790 3740 819 3791 et
832 3734 892 3792 lau·

67 3821 153 3877 dibus
165 3823 224 3890 (cn.
239 3826 300 3892 825,
312 3825 393 3895 Sept.
408 3828 464 3896 stip
475 3824 522 3880 cui
533 3824 621 3880 etiam
634 3822 723 3880 multa
735 3823 809 3881 dona
826 3837 892 3879 con·

67 3910 136 3968 tulit
147 3911 225 3980 regia
240 3911 407 3984 largitione,
421 3914 562 3984 quaelicet
575 3913 754 3986 deperierint
765 3911 808 3968 rel
823 3917 893 3968 tem·

68 4014 169 4072 porum
180 4004 337 4071 vetustate,
350 4001 396 4057 vel
406 4006 588 4058 vastatorum
597 4000 625 4056 di
636 4000 893 4071 stractiono,cxeis

67 4093 164 4144 tarnen
176 4088 306 4158 quaedam
315 4089 423 4146 nostris
435 4089 528 4147 adhue
538 4091 719 4163 temporibus
735 4092 893 4161 supersunt

67 4177 895 4249 ecclcsiae.Superestoptimussanctorumerangeliorum

69 4270 179 4336 textae,
203 4280 274 4323 auro
290 4266 469 4338 gemmisque
487 4272 623 4340 paratus:
640 4273 775 4339 superest
789 4265 897 4338 psalte·

945 3111 1021 3185 apud
1036 3115 1159 3169 Francos
1169 3113 1264 3170 viluit.
1279 3115 1335 3170 Nec
1348 3113 1515 3186 multopost
1528 3116 1703 3186 llildericus,
1717 3115 1768 3187 qui

945 3201 1768 3276 eratpoteutior,iuvenandointeriit‚intcrceptusaquo·

946 3291 1010 3346 dam
1028 3291 1166 3347 Bodilono
1183 3291 1282 3361 nobiti,
1301 3307 1385 3363 quem
1399 3296 1501 3348 eontra
1519 3292 1610 3363 legem
1626 3293 1767 3363 majorum

947 3379 981 3435 ad
994 3380 1124 3451 stipitem
1137 3381 1258 3450 ligatum
1271 3381 1380 3437 fecorat
1392 3381 1479 3447 caedi;
1497 3386 1525 3438 et
1543 3397 1607 3438 cum
1619 3387 1685 3453 pust
1702 3395 1768 3439 eum

945 3468 1142 3525 Theudoricus
1154 3474 1247 3526 totum
1260 3471 1438 3541 percepisset
1449 3486 1579 3542 regnum,
1593 3471 1682 3527 tertio
1692 3483 1767 3527 anuo

947 3560 1003 3630 (25)
1014 3558 1176 3629 praedictus
1187 3559 1307 3631 Pipiuus
1320 3560 1453 3630 ansegisi
1465 3567 1492 3616 et
1506 3562 1609 3629 Beggm
1621 3559 1698 3615 frlius
1710 3562 1768 3616 dux

948 3647 1164 3704 austrasiorum
1173 3647 1266 3704 factus
1274 3648 1445 3719 invaluit,et
1453 3650 1572 3705 Beatum
1584 3649 1769 3706 lambertum

948 3736 1136 3805 suggestione
1145 3737 1261 3792 ebroini
1271 3742 1299 3792 et
1312 3739 1437 3793 factione
1449 3738 1769 3810 Coloniensisepiscopi

948 3825 984 3879 ab
999 3824 1170 3895 episcopatu
1186 3824 1321 3894 erectum,
1336 3826 1493 3881 exturbato
1511 3826 1692 3883 faramundo
1708 3825 1771 3882 sedi

950 3926 1010 3967 suae
1022 3911 1153 3967 restituit
1165 3915 1230 3983 post
1241 3913 1422 3983 septennium
1436 3914 1552 3983 injustae
1563 3913 1643 3971 illius
1652 3915 1771 3984 eiectio-

951 4000 1072 4056 nissnae.
1083 4001 1147 4071 lpse
1159 4015 1274 4070 quoquc
1290 4004 1410 4057 sanctus
1426 4002 1558 4072 pontifex
1572 4003 1674 4073 postin
1690 4002 1773 4059 brevi

952 4102 1005 4160 pro
1021 4088 1191 4144 defensione
1221 4089 1356 4144 veritatis
1371 4094 1400 4144 et
1416 4089 1575 4159 castitatis
1593 4094 1622 4146 ut
1637 4090 1665 4145 in
1680 4089 1773 4160 gestis

952 4177 1142 4247 ejuslegitur,
1153 4178 1293 4249 martyrio
1309 4183 1468 4234 coronatus
1477 4179 1626 4250 occubuit,
1644 4179 1728 4250 cique
1744 4180 1773 4236 in

952 4266 1124 4339 episcopatu
1139 4266 1243 4324 beatus
1265 4267 1414 4324 llubertus
1438 4267 1589 4325 successit..
1608 4266 1670 4333 Quo
1686 4269 1775 4327 etiam

69 4354 143 4411 rium
156 4370 227 4411 auro
245 4355 388 4426 scriptum
405 4371 457 4428 por
473 4356 563 4412 denos
580 4357 707 4428 psalmos
721 4355 897 4427 capitalibus
955 4359 1085 4426 tempore
1100 4354 1175 4412 dono
1190 4355 1323 4426 praedicti
1339 4355 1433 4427 Pipini
1458 4354 1580 4426 ejusque
1598 4357 1699 4413 uxoris
1712 4355 1775 4413 Ple·

68 4442 178 4500 litteris
203 4444 373 4501 distinctum
396 4445 469 4515 (alh
486 4448 619 4517 superest
634 4445 662 4500 iu
680 4459 736 4501 uuo
751 4443 898 4500 volumine
912 4421 939 4481 D
953 4442 1067 4501 ctrudis
1078 4443 1174 4500 locum
1186 4443 1367 4513 andaginum
1378 4442 1484 4500 celitus
1495 4444 1678 4515 designatum
1690 4460 1776 4502 exco-

68 4532 193 4588 maximo
206 4548 294 4604 super
304 4537 399 4590 totum
412 4532 582 4606 psalterium
594 4533 670 4591 boati
682 4532 836 4604 Augustini
849 4548 898 4589 cx.

69 4620 899 4695 positio;superestetliberejusdemquiintitulaturde

955 4533 1071 4589 lendum
1084 4532 1386 4604 Borogisussusceplt.
1395 4534 1430 4589 Et
1442 4533 1507 4604 quia
1516 4535 1619 4591 beatus
1629 4535 1776 4592 hubertus

956 4637 1008 4694 pro
1024 4636 1095 4678 cura
1110 4621 1269 4679 animarum
1286 4622 1342 4679 sibi
1356 4622 1479 4695 credita,
1497 4629 1529 4681 ut
1545 4624 1574 4681 in
1589 4624 1649 4681 rita
1661 4622 1724 4694 eius
1740 4622 1767 4680 le

751 4720 870 4780 VthAE
883 4720 1082 4781 anemonas

104 4816 176 4881 ·ttc
190 4830 214 4879 t.
233 4823 260 4879 iu
277 4822 450 4896 episcopatu
464 4820 643 4892 trajectensi
660 4825 696 4878 l‘.

867 4910 978 4966 ΝΟΜ.

107 5011 164 5082 (al)
180 5013 325 5068 llactenus
336 5016 471 5067 servatur
487 5010 513 5066 in
531 5008 726 5079 andaginensi
753 5014 897 5065 nrcnastc-

72 5082 115 5137 rio
130 5083 373 5154 pretiosissimum
399 5081 570 5154 psalterium
595 5096 666 5137 auro
681 5079 900 5150 elegantissime

70 5158 234 5224 exaratum,
248 5169 303 5210 non
316 5168 331 5208 a
345 5152 489 5210 ludovico
500 5152 557 5223 pio,
572 5158 602 5208 ut
614 5150 709 5207 credit
722 5154 836 5221 auctor,
848 5147 899 5206 sed

71 5238 85 5279 a
101 5225 235 5282 bethario
249 5226 340 5297 ipsius
362 5224 421 5280 lilio
445 5222 594 5291 donatum,
611 5228 642 5278 ut
658 5223 782 5294 probant
798 5236 901 5279 versus

71 5296 121 5367 qui
134 5296 217 5353 initio
229 5297 340 5353 codicis
352 5296 551 5366 reperiuntur.
566 5296 626 5349 blan
635 5310 654 5349 r.
671 5295 737 5351 «0n
753 5292 828 5349 croit
844 5306 900 5363 quc

70 5379 105 5422 ce
120 5382 239 5438 psaume
255 5369 351 5423 existe
366 5382 473 5422 encore
488 5364 673 5435 aujourd'hui
689 5378 726 5422 au
742 5363 849 5433 village
865 5362 901 5418 (lo

72 5433 902 5508 Boerange,cantondelierseh,grand-duchedeLuxem·

73 5511 176 5580 bourg,
192 5516 274 5565 entre
291 5510 333 5566 les
360 5509 451 5565 mains
468 5507 503 5565 de
519 5509 552 5565 ll.
569 5508 707 5579 Neuman,
725 5504 848 5565 heritier
862 5505 901 5564 du

71 5583 172 5656 prieur
182 5580 217 5638 de
229 5580 445 5639 Salat-Hubert.
463 5598 477 5634 a
494 5580 527 5639 R.

991 5008 1046 5079 (aa)
1062 5008 1206 5088 fecique,
1221 5022 1296 5063 mon.
1309 5008 1464 5077 virginum,
1479 5006 1506 5062 in
1519 5008 1774 5083 pagoWahriensi,

955 5093 1045 5151 prope
1062 5078 1275 5135 llartrsvillam.
1607 5080 1610 5086 '

992 5149 1048 5220 (23)
1064 5151 1162 5218 Pries,
1180 5153 1261 5205 trans
1275 5150 1380 5205 llosam
1393 5149 1477 5219 juxta
1491 5150 1638 5206 llacerias.

991 5224 1046 5292 itt)
1059 5222 1079 5277 l.
1097 5235 1121 5277 e.
1141 5220 1325 5289 fredegario,
1348 5234 1384 5276 ex
1413 5236 1470 5291 quo
1498 5221 1651 5291 sequentia
1667 5220 1774 5293 hausit,

956 5290 1086 5348 adhibita
1097 5292 1161 5347 vita
1174 5291 1318 5348 lamberti
1333 5294 1452 5348 auctore
1465 5291 1627 5362 Sigeberto.
1640 5293 1776 5351 lddaeuo·

958 5378 1021 5419 men
1037 5362 1159 5432 addidit,
1177 5361 1254 5432 quod
1270 5363 1298 5418 in
1314 5363 1378 5418 Vita
1394 5363 1421 5418 S.
1435 5363 1588 5421 Gertrudis
1603 5379 1777 5422 commemo·

957 5439 1049 5490 ratur.

993 5504 1050 5577 (aa)
1069 5503 1167 5565 fertio
1180 5517 1259 5565 enno
1274 5503 1372 5565 nescio
1386 5505 1463 5565 unde
1482 5507 1687 5581 assumpserit.
