3788 5992
94 152 149 213 l8l

733 153 983 220 CHRONICON.
1000 190 1040 203 -
1054 155 1131 218 [ΑΒ.
1148 157 1173 219 Ι.
1741 157 1799 221 lea

94 291 195 346 catum
206 287 281 346 Otho
290 287 413 359 accepit.
428 287 504 346 Otbo
514 302 584 346 vero
596 294 719 348 cunctos
729 289 764 347 ad
776 304 808 346 se
820 290 918 346 redire
934 291 958 352 Α
976 291 1125 350 hamensis
1140 292 1293 366 episcopii,
1311 293 1560 366 conquerentibus
1578 293 1695 353 clericis
1709 300 1798 366 atque

93 377 191 447 coegit
214 377 428 448 lotharienses
445 382 474 433 et
496 379 629 449 sequenti
655 394 729 436 anno
755 378 918 435 conradum
976 379 1123 438 nobilibus
1139 380 1223 439 laicis
1234 381 1283 438 diu
1297 387 1413 454 pastore
1425 380 1524 437 sedern
1537 382 1629 452 ipsam
1640 399 1755 455 vacare,
1767 390 1798 442 el

94 465 272 535 Burgundie
283 480 380 536 regem
392 465 557 539 dolocepit,
571 466 760 539 reliquosque
777 467 919 540 primates
976 469 1711 543 definieruntquemadmodumhrtaldusepiscopus
1720 475 1798 546 jura·

94 553 150 609 sibr
173 553 348 625 pacificavit.
975 562 1068 629 rorat,
1086 559 1163 630 quod
1181 574 1336 631 numquam
1350 559 1384 615 do
1399 559 1460 631 ipso
1472 559 1644 633 episcopatu
1661 575 1693 617 so
1709 562 1798 620 intro-

129 647 214 701 Anno
229 647 289 711 940,
309 643 468 700 indictione
484 649 524 712 13,
537 645 732 702 intronizatus
748 645 832 703 estin
849 659 920 718 pon·
976 647 1797 721 mittere,adipsiusgubernationemreuertinondebere‚

92 732 210 790 tihcatu
226 733 416 790 virdunensis
438 733 518 790 urhis
535 734 563 790 in
580 734 713 806 partibus
735 735 866 792 Saxoniae
884 750 921 791 ex
975 741 1004 791 et
1016 739 1045 791 nt
1058 737 1140 806 lingo
1156 737 1303 793 lieriberti
1321 736 1408 807 iilius,
1427 737 1474 808 qui
1491 737 1574 808 prins
1586 739 1622 794 ad
1635 737 1726 809 ipsum
1739 739 1799 812 epi·

92 827 264 892 magnatum
280 829 364 878 ortus
381 822 516 894 prosapia
533 822 657 880 domnus
674 824 878 894 berengarius,
891 829 920 880 et
976 825 1127 893 scopatum
1142 823 1236 879 iuerat
1247 824 1327 880 clero
1339 823 1506 896 populoque
1518 829 1637 896 petente
1647 830 1797 897 evocatus,

131 912 237 967 Factus
253 909 406 982 apostolici
423 925 544 968 consors
560 914 588 967 et
604 926 723 984 compar
739 912 866 984 bononie,
976 909 1163 968 ordinaretur
1179 912 1343 984 episcopus.
1357 913 1390 966 Et
1402 911 1443 968 sic
1460 913 1566 969 Remos
1583 913 1725 970 adeuntes
1740 915 1800 986 epi-

131 998 230 1055 Laude
246 998 316 1055 cleri
333 1003 362 1055 et
381 998 479 1071 populi
977 999 1058 1069 scopi
1082 999 1229 1068 anonem
1256 999 1423 1070 pontiacum
1448 1005 1634 1058 consecrant.
1663 1003 1799 1061 canonici

130 1087 220 1144 linxit
234 1086 423 1159 apostolicam
439 1088 525 1144 lactis
540 1091 568 1144 et
584 1089 699 1145 nomine
714 1089 812 1146 vitam.
975 1087 1215 1158 montisfalconis,
1229 1087 1418 1161 oppressione
1430 1088 1523 1160 ipsius
1534 1089 1725 1147 virdunensis
1739 1093 1800 1164 epi-

92 1178 165 1232 Erat
181 1176 259 1232 enim
274 1190 399 1247 corpore
411 1182 523 1247 castus,
536 1181 631 1232 mente
649 1179 783 1248 deuotus,
797 1176 921 1235 affabilis
976 1177 1055 1248 scopi
1066 1177 1278 1233 nutasserebant
1288 1177 1474 1250 praegravati,
1485 1179 1649 1235 coenobium
1659 1195 1743 1238 suum
1753 1182 1800 1239 de

91 1264 236 1336 alloquio,
252 1265 350 1321 clarus
366 1265 500 1335 consilio,
515 1266 667 1337 prudentia
686 1267 837 1339 praeditus,
852 1273 921 1324 tem·
976 1271 1087 1335 serunt,
1101 1270 1129 1322 et
1141 1267 1238 1322 Remis
1249 1281 1357 1337 corpus
1370 1267 1464 1323 sancti
1480 1267 1605 1324 Baldriei
1621 1271 1735 1340 patroni
1752 1271 1797 1328 sui

91 1355 230 1427 porentia
247 1354 405 1425 discretus,
418 1354 531 1411 interna
546 1356 717 1413 tortitudine
735 1357 845 1427 brunus,
856 1371 922 1413 een·
976 1355 1126 1411 deserunt.
1144 1354 1280 1411 brialdus
1298 1355 1433 1412 omnibus
1445 1356 1569 1426 perditis
1582 1371 1646 1427 quaa
1658 1358 1796 1430 babebat,

90 1459 162 1501 sura
177 1442 302 1513 justitia>
319 1443 444 1515 stabilis,
472 1444 693 1514 longanimitate
709 1447 856 1516 assiduus,
874 1461 921 1518 pa·
976 1443 1054 1498 datis
1076 1443 1268 1500 sacramentis
1289 1443 1399 1514 liugoni
1422 1444 1561 1516 episcopo
1581 1449 1611 1500 et
1631 1445 1796 1519 ileriberto,

90 1533 198 1589 tientia
211 1533 364 1603 robustus,
376 1532 541 1589 bumilitate
554 1540 734 1605 mansuetae,
748 1550 816 1606 erga
829 1534 921 1592 delia·
976 1536 1063 1604 prout
1078 1534 1114 1589 ab
1131 1547 1165 1588 eo
1180 1532 1370 1604 quesierunt,
1392 1532 1575 1604 redditisque
1593 1533 1648 1589 sibi
1669 1535 1798 1594 abbatiis

91 1626 221 1692 quentes
233 1637 285 1693 per
295 1622 524 1693 compassionem
540 1622 647 1694 socius,
661 1639 712 1695 por
724 1622 818 1681 zelum
834 1624 919 1682 recti·
934 1647 961 1708 B
976 1622 1070 1678 sancti
1095 1620 1192 1678 basoli
1207 1626 1236 1678 ct
1252 1623 1406 1678 brennaco
1428 1636 1493 1678 eum
1519 1621 1588 1679 rilla
1613 1623 1796 1696 vindenissa,

90 1710 205 1766 tudinis
221 1716 347 1766 erectus.
366 1709 426 1782 (iol.
440 1709 505 1782 δι’.)
524 1712 689 1783 Apparebat
703 1711 731 1766 in
743 1712 842 1769 verbis
855 1713 918 1784 ejus
975 1725 1074 1781 pacem
1092 1710 1158 1766 iecit
1175 1725 1240 1767 cum
1256 1710 1308 1781 eis,
1321 1715 1352 1766 ct
1367 1710 1403 1766 ad
1419 1714 1552 1768 sanctum
1569 1711 1702 1770 basolum
1719 1713 1798 1770 babi-

92 1798 269 1878 inconcussa
281 1797 388 1854 mentis
396 1802 559 1854 constantia
570 1799 799 1871 resplendebant
809 1801 837 1856 in
848 1800 919 1858 acti·
976 1802 1092 1854 talamus
1105 1797 1231 1853 deuenit.

91 1888 149 1944 bus
166 1892 194 1942 et
212 1886 344 1943 moribus
364 1886 429 1956 cius
444 1886 586 1943 virtutum
605 1887 740 1959 insignia,
1010 1887 1070 1942 Non
1088 1885 1179 1943 multo
1196 1891 1273 1958 post,
1291 1901 1365 1943 anno
1382 1887 1417 1943 ab
1433 1886 1489 1946 inc.
1505 1889 1585 1946 hom.
1603 1892 1665 1961 eta,
1682 1889 1798 1962 legatus

129 1976 274 2031 Omnibus
289 1975 408 2047 hospitii
426 1975 592 2047 perlargum
609 1977 733 2048 praebuit
751 1992 845 2047 usum,
975 1975 1112 2046 Stephani
1129 1990 1221 2047 papae,
1235 1976 1351 2032 nomine
1365 1977 1514 2048 Damasus,
1526 1978 1684 2052 episcopus
1698 1982 1797 2040 Romae

128 2066 218 2121 Nemo
234 2069 279 2121 est
294 2068 447 2135 exceptus,
462 2079 620 2136 perpessus
636 2079 719 2122 nemo
734 2064 881 2138 repulsam
974 2063 1009 2119 ad
1022 2065 1094 2119 lianc
1106 2063 1282 2134 legationem
1298 2065 1491 2136 peragendam
1508 2066 1671 2138 ordinatus,
1682 2068 1798 2128 litteras

90 2153 242 2210 Christum
260 2153 331 2209 totis
344 2152 510 2208 visceribus
530 2153 663 2224 diligens,
680 2158 709 2210 et
726 2154 860 2211 caritatis
877 2154 919 2210 in·
975 2152 1146 2224 apostolicae
1162 2152 1241 2209 sedis
1252 2153 1351 2210 attulit
1366 2154 1547 2226 principibus
1562 2158 1748 2230 Francorum,
1765 2163 1797 2217 ut

89 2244 187 2297 ternae
212 2240 376 2298 visceribus
393 2241 522 2311 affluens,
541 2257 594 2312 pro
611 2242 789 2314 pauperibus
805 2257 919 2314 semper
975 2241 1141 2312 reciperent
1152 2256 1250 2312 repom
1262 2259 1344 2299 suurn
1359 2243 1545 2300 landericum.
1562 2244 1622 2315 (inl.
1640 2248 1696 2320 67.)
1714 2248 1796 2315 Quod

89 2335 156 2385 crat
173 2328 329 2399 sollicitus,
342 2331 372 2384 et
385 2328 451 2399 quia
469 2330 545 2386 sieut
560 2330 668 2385 llartha
685 2329 802 2385 Christo
817 2344 920 2402 corpo·
975 2329 997 2386 si
1014 2330 1221 2401 neglexissent,
1235 2336 1339 2387 eleum
1356 2333 1482 2403 amplius
1496 2333 1645 2390 hostiliter
1661 2337 1796 2408 persequi

90 2417 166 2474 ralia
176 2418 401 2474 subministrare
414 2419 563 2488 nequibat,
573 2418 708 2488 ineqenis
717 2418 798 2475 illum
811 2420 919 2477 cotidie
974 2417 1145 2488 volnissent,
1158 2420 1469 2476 excommunicationis
1481 2420 1685 2481 interminatus
1697 2430 1742 2481 est
1756 2425 1798 2482 ul·

90 2506 257 2563 reficiebat.
277 2507 376 2562 Seruio
392 2507 454 2577 eJus
471 2506 532 2563 sale
549 2507 696 2578 conditus,
716 2523 774 2578 quo
791 2509 919 2580 pondere
976 2503 1091 2560 tionem.
1111 2506 1207 2575 Legati
1231 2507 1318 2563 ctiam
1344 2507 1495 2563 Remensis
1521 2508 1654 2566 ecclesiae
1678 2513 1798 2568 Romam

89 2594 842 2666 brerisetrarus,coprudentisuauitatehabcbatur
855 2611 920 2668 pre·
975 2593 1056 2649 missi
1074 2593 1225 2650 redieruut
1240 2594 1341 2650 eadem
1357 2595 1529 2666 relerentes
1543 2601 1655 2654 utente
1672 2599 1797 2656 natalem

90 2685 203 2742 diosus.
231 2681 376 2753 hilipehat
403 2682 519 2739 siucero
543 2687 571 2738 et
599 2685 725 2740 unanimi
752 2684 920 2741 dilectionis
975 2681 1085 2737 borbini
1110 2697 1162 2738 rex
1177 2682 1270 2740 abeis
1290 2682 1473 2755 reciperetur
1496 2684 1550 2741 suh
1574 2686 1798 2745 comminatione

90 2773 199 2831 ellectu
217 2772 363 2849 intervalia
381 2773 508 2828 membra
526 2772 634 2829 Christi
649 2774 785 2830 domnum
802 2773 920 2830 Fuiber·
976 2771 1180 2843 anathematis,
1198 2772 1246 2843 qui
1263 2778 1292 2829 et
1307 2771 1425 2844 pallium
1443 2773 1554 2844 liuponi
1570 2774 1666 2832 asecle
1683 2781 1799 2848 aposto·

92 2870 154 2919 tum
173 2864 409 2918 cameracensem
424 2861 606 2933 episcopum,
628 2877 692 2918 cnm
710 2877 766 2933 quo
779 2863 848 2933 iuge
864 2862 919 2919 sibi
975 2859 1029 2916 lica
1046 2859 1224 2916 detulerunt.
1240 2860 1403 2918 Ludovicns
1415 2861 1505 2931 igitur
1516 2862 1630 2919 obuiam
1647 2865 1797 2935 proiectus

90 2965 209 3022 semper
221 2949 276 3006 iuit
286 2949 425 3020 studium,
434 2949 569 3006 veritatis
581 2949 766 3007 adversarios
778 2953 841 3006 toto
853 2951 919 3008 nisu
976 2948 1080 3004 Othoni
1091 2948 1163 3019 regi,
1177 2948 1333 3005 amicitiam
1347 2948 1481 3005 firmarit.
1492 2950 1568 3006 Otho
1579 2966 1694 3023 quoque
1703 2955 1798 3024 liugo-

91 3039 276 3111 impngnare,
288 3043 322 3094 ιιι
332 3038 360 3093 in
373 3038 563 3109 sequentibus
576 3037 698 3109 quilibet
709 3042 805 3109 potest
818 3039 920 3095 adver·
935 3000 960 3062 C
976 3052 1039 3093 nem
1050 3039 1182 3107 bagnum
1195 3037 1256 3107 regi
1270 3035 1417 3094 conciliat.
1436 3040 1493 3094 lloc
1505 3053 1579 3095 anno
1591 3040 1714 3098 doninus
1724 3042 1795 3114 Odo,

90 3136 165 3184 tere.
184 3127 232 3197 td.
250 3127 332 3185 Vird.
344 3127 384 3197 ι.)
400 3127 463 3183 Fuit
477 3130 573 3184 autom
592 3133 723 3199 tempore
740 3127 869 3199 OttoniS,
883 3128 919 3185 de
974 3124 1151 3182 uenerabilis
1169 3125 1326 3182 multorum
1345 3126 1586 3184 monasteriorum
1602 3133 1796 3201 restaurator,

91 3234 150 3290 quo
165 3217 276 3276 dictum
291 3223 337 3274 est
350 3217 425 3288 quod
438 3217 474 3273 ad
486 3217 665 3289 triumphum
681 3217 814 3274 ecclcsiae
829 3218 919 3290 eoepit
975 3229 1040 3271 cum
1057 3214 1178 3272 multum
1195 3215 1360 3271 laborasset
1376 3215 1404 3270 in
1420 3215 1617 3286 componenda
1633 3231 1703 3288 pace
1719 3218 1797 3275 inter

90 3308 162 3363 Otto
174 3321 321 3376 creseere,
335 3306 381 3362 cui
392 3305 535 3363 suecessit
549 3305 696 3364 secundus
707 3306 820 3363 Ottoad
831 3305 921 3379 impe·
975 3304 1124 3373 llugonem
1145 3318 1242 3375 regem
1262 3301 1353 3359 ltaliae
1369 3306 1397 3359 et
1413 3303 1579 3362 hibericum
1601 3306 1796 3365 Romanorum

90 3396 178 3466 rimu,
197 3400 229 3452 ut
245 3396 364 3452 doceret
380 3393 528 3451 saeculum.
977 3392 1142 3465 patricium,
1165 3392 1237 3449 obiit
1258 3392 1389 3463 Turonis,
1413 3391 1605 3465 sepultusque
1621 3399 1664 3451 cst
1681 3395 1718 3451 ad
1734 3410 1798 3453 san·

128 3484 238 3559 [Fauo]
257 3485 338 3539 Anno
355 3484 417 3555 ipso
433 3483 627 3539 ordinationis
640 3498 699 3539 suae
712 3484 804 3540 lomes
816 3483 921 3555 imqui-
976 3484 1054 3538 ctum
1071 3481 1234 3552 llartinum,
1247 3486 1277 3538 et
1288 3482 1431 3539 successit
1442 3466 1801 3542 cilicinardusvirvonel

89 3574 162 3631 tatis
173 3575 256 3643 liugn
268 3574 387 3642 Magnus
403 3587 468 3629 oum
484 3571 657 3642 quibusdam
671 3571 798 3628 Franciae
810 3578 838 3629 et
851 3575 922 3629 Bur·
977 3570 1095 3626 raudus.
1118 3571 1195 3626 Tunc
1215 3569 1267 3625 luit
1291 3570 1380 3626 lamcs
1403 3584 1506 3641 magna
1525 3584 1578 3642 per
1598 3572 1748 3629 Franciam
1768 3577 1797 3631 et

88 3661 209 3732 gundiae
223 3661 371 3733 episcopis
381 3663 409 3717 et
423 3659 600 3732 primoribus
612 3660 693 3731 regni
706 3661 859 3717 Remorum
871 3661 920 3717 ob·
975 3658 1180 3729 Burgundiam.

91 3751 169 3809 sidet
181 3751 363 3822 urhem;qna
375 3750 494 3806 obtenta
508 3748 764 3806 sextoobsidionis
776 3749 822 3805 die
834 3751 916 3807 Artal
1012 3749 1093 3803 Anno
1105 3746 1139 3802 ab
1152 3746 1207 3803 inc.
1221 3746 1301 3802 bom.
1318 3748 1380 3818 943,
1397 3745 1559 3804 willelmus
1574 3747 1704 3806 Rollonis
1720 3749 1797 3807 blius

90 3838 920 3912 dumepiscopumaprocurationcetpotestatcepiscopii
975 3836 1093 3892 occisus
1116 3841 1172 3905 est,
1194 3840 1223 3891 et
1245 3834 1407 3892 llichardus
1437 3835 1547 3907 primus
1572 3838 1723 3903 successit,
1749 3839 1797 3909 qui

87 3927 298 3997 jarrarnentose
308 3926 446 3999 compulit
460 3927 606 3997 abdicare,
620 3940 758 3983 concessa
768 3926 794 3983 ei
804 3926 919 3983 abbatia
976 3923 1179 3980 Norrnanniam
1203 3922 1279 3979 dono
1300 3923 1377 3993 regis
1392 3922 1529 3981 Ludovici
1554 3925 1690 3983 obtinuit.
1717 3929 1798 3998 llugo

90 4018 186 4074 sancti
199 4017 296 4074 Basolr
307 4022 335 4074 et
348 4020 503 4073 brennaco
520 4016 706 4087 monasterio,
720 4022 748 4073 ct
760 4017 802 4073 sic
817 4015 919 4073 relicto
975 4013 1093 4082 hlagnus
1110 4010 1283 4068 Narmannis
1294 4010 1329 4066 ad
1342 4010 1539 4082 paganismum
1553 4013 1661 4067 reverti
1677 4012 1798 4068 rolenti-

92 4108 153 4163 tirio
165 4106 312 4163 lleriberti
325 4105 509 4176 lingonejam
524 4105 635 4177 pridem
651 4105 796 4162 Remisad
808 4105 920 4177 episco·
976 4101 1031 4157 bus
1060 4098 1261 4169 congreditur,
1279 4103 1309 4155 et
1329 4112 1455 4154 coanno
1485 4097 1609 4154 ducatus
1639 4101 1797 4157 Francioea

90 4200 194 4269 patum
206 4195 312 4267 electo,
324 4196 359 4253 ad
372 4195 553 4252 obsidionem
563 4194 692 4252 Lauduni
707 4199 855 4266 properat,
869 4196 921 4250 Lu·
977 4188 1122 4245 LuthViOO
1136 4186 1308 4244 conceditur
1321 4187 1357 4241 Oi.
1377 4187 1457 4242 Anno
1476 4187 1610 4257 sequenti
1627 4189 1798 4247 floribertus

91 4285 199 4342 dearieo
214 4300 284 4342 vcro
296 4300 311 4341 a
325 4284 490 4355 Burgundio
506 4284 659 4354 redeunte,
672 4289 701 4339 ct
712 4288 862 4354 assumpto
877 4297 921 4338 se·

976 4273 1798 4347 obiit.Filiiciue,mediantibusOtboneducclotharien-

91 4390 159 4431 cum
177 4373 300 4431 artaldo
315 4373 465 4446 episcopo,
487 4372 613 4430 transito
631 4376 730 4429 Axona
748 4371 835 4429 durio
852 4371 921 4428 lau·
935 4365 961 4425 D
976 4365 1049 4421 sium
1067 4369 1096 4421 ct
1112 4363 1294 4420 adalberone
1318 4363 1457 4434 episcopo
1481 4364 1614 4421 llettensi
1634 4369 1663 4420 et
1679 4366 1798 4436 lingone

92 4463 203 4521 dunum
221 4462 370 4534 tendente,
389 4464 470 4533 Ilugo
486 4477 551 4518 cum
564 4462 625 4518 suis
636 4461 740 4517 relicta
758 4460 919 4530 obsidione,

94 4552 202 4610 Othoni
229 4551 289 4622 regi
312 4551 426 4609 ebriam
448 4550 684 4623 proficiscuntur,
703 4555 733 4606 et
753 4550 778 4606 ei
798 4564 829 4606 se
845 4564 921 4605 com-

94 4641 226 4698 mittunt.
236 4640 288 4706 Oui
299 4639 434 4696 Heinrico
445 4639 527 4695 tratri
536 4655 589 4696 suo
602 4654 721 4709 regnum
734 4637 920 4694 lothariense

95 4728 292 4799 committens,
309 4743 373 4784 curn
390 4727 570 4785 diversarum
585 4726 715 4798 genitium
732 4724 921 4782 multitudine

94 4817 271 4875 hodericum
293 4817 321 4873 in
339 4816 533 4887 Burgundioni
560 4815 795 4887 proficiscentem
822 4827 922 4885 prose-

95 4907 206 4978 quitur,
223 4906 335 4963 habens
350 4920 447 4963 secum
464 4905 638 4974 conradum,
651 4901 766 4959 Rodulfi
783 4902 860 4972 regis
874 4903 922 4958 Ju-

95 4995 192 5052 rensis
219 4994 321 5066 filium,
348 5010 431 5065 quem
458 4992 565 5050 dudum
591 4992 657 5050 dolo
682 4995 800 5064 captum
823 5006 920 5046 secum

95 5085 256 5155 retinebat,
268 5088 296 5140 et
308 5082 666 5155 obsidibusaquihusdam
680 5084 809 5153 acceptus
820 5080 856 5136 ad
869 5094 921 5136 sua

96 5173 267 5230 reuertitur.

130 5266 214 5320 Anno
243 5263 279 5318 ab
308 5261 362 5317 inc.
395 5261 471 5317 bom.
504 5260 553 5317 etl
579 5258 732 5315 hamensis
760 5257 921 5314 diaeceseos

94 5350 229 5424 episcopi
245 5347 452 5407 conuenientes
463 5347 540 5421 apud
553 5347 742 5405 suessionem
754 5346 782 5402 in
794 5345 921 5404 ecclesia

96 5444 266 5497 sanctorum
284 5436 407 5510 Crispini
418 5441 447 5494 et
460 5435 635 5509 crispiniani
651 5439 780 5494 tractant
792 5434 828 5491 de
839 5439 918 5491 statu

978 4454 1062 4524 duee,
1073 4469 1088 4509 a
1100 4452 1244 4510 Ludorico
1259 4451 1449 4524 recipiuntur.
1464 4454 1545 4523 ungo
1557 4467 1591 4509 eo
1602 4457 1704 4510 tenore
1716 4456 1798 4512 abeo

977 4545 1133 4614 susceptus
1143 4546 1201 4614 est,
1213 4545 1242 4598 ut
1256 4542 1281 4597 ei
1294 4539 1372 4599 aliud
1386 4541 1567 4613 episcopium
1581 4543 1796 4614 provideretur,

977 4631 1098 4688 hrtaldo
1118 4633 1258 4687 Remense
1277 4628 1461 4686 redderetur.
1488 4632 1622 4688 l‘ostbmc
1648 4631 1723 4687 Otho
1740 4631 1798 4688 dux

978 4717 1795 4789 Lothariensiumobiit,etConradusducatumobtinuit.

1013 4806 1720 4878 hnnoald,llarinuspapadecessitcthgapitus
1733 4821 1798 4863 suc·

976 4897 1083 4965 cessit,·
1100 4911 1173 4952 anno
1190 4900 1285 4952 autem
1300 4895 1451 4967 preterito
1465 4894 1628 4950 badericus
1643 4895 1797 4950 helluonum

977 4985 1134 5042 obsederat
1148 4985 1258 5056 urbem,
1272 4987 1300 5040 et
1312 4983 1441 5055 acceptis
1453 4982 1753 5052 obsidibusallugone
1763 4983 1798 5039 dc

978 5074 1125 5132 reddenda
1138 5073 1262 5145 ratione,
1271 5071 1672 5144 dequibusinterrogaretnr,
1681 5072 1799 5129 abohsi-

978 5165 1064 5221 dione
1075 5168 1248 5220 recesserat.
1264 5162 1372 5235 [Facu]
1385 5159 1454 5216 lude
1463 5159 1623 5217 Rodomum
1636 5162 1796 5233 proiectus,

978 5254 1045 5310 dolo
1061 5257 1166 5325 captus
1180 5257 1224 5309 est
1237 5265 1251 5307 a
1265 5249 1399 5308 fidelibus
1414 5249 1518 5307 suiset
1534 5249 1586 5307 sub
1601 5249 1735 5308 custodia
1751 5250 1800 5307 de·

978 5346 1087 5399 tentus.
1102 5342 1185 5412 llugo'
1196 5338 1411 5412 quoqneltaliae
1422 5353 1437 5395 a
1450 5338 1512 5398 suis
1523 5353 1611 5410 regno
1621 5340 1724 5412 pulsus
1736 5344 1798 5407 est;

977 5430 1023 5489 cui
1039 5429 1185 5487 suecessit
1196 5427 1351 5485 bothanias
1363 5427 1441 5487 illius
1452 5428 1525 5501 ojus,
1542 5428 1653 5499 llugoni
1665 5428 1798 5485 recolla-
