3788 5992
94 247 170 315 isat
437 241 571 313 GES'lA
583 240 762 311 nautas.
780 236 1010 308 ss-APPEND.
1026 236 1253 306 natusest.
1272 235 1306 306 S.
1327 234 1455 306 causi.
1719 242 1797 310 1238

93 401 185 460 cbarii
201 405 411 475 contorqueret
425 398 691 473 monachorumque
704 397 783 458 illius
795 411 918 473 pauper·
931 376 959 438 Α
971 396 1448 464 mereortocenirenolroouufflt
1463 402 1527 472 post
1538 396 1797 474 nequamque,

94 493 196 550 tatulac
212 493 330 550 nimium
347 491 527 561 condoleret,
546 490 671 563 sapienti
687 505 757 547 usus
782 487 917 561 concilio,
973 489 1191 563 quantociuset
1210 489 1289 547 amai
1304 489 1723 562 annominemus-tuomum
1738 493 1801 550 mm

96 581 220 652 primum
233 581 412 638 monasterio
422 581 539 652 dignum
552 580 660 651 delegit
673 579 917 650 dispensatorem,
967 579 1021 652 pto
1033 578 1257 637 minoratam
1266 580 1490 651 enimcrtlteua,
1503 579 1802 652 potentabantur

97 669 230 727 abbatem
255 670 395 728 uidelicet
416 670 529 727 nominc
546 669 725 739 Gotberiunn,
743 667 828 724 tiniec
842 665 918 738 apud

98 759 248 830 Gandense
271 760 434 816 caenobium
465 758 695 831 disciplinatum.
726 757 776 813 Cui
808 758 919 812 tantum

98 847 291 919 supplementi
305 853 471 919 sumptuum
486 849 513 903 in
525 848 604 918 agris
618 847 777 917 vineisque,
788 843 920 916 exceptis

98 935 920 1008 aliisperplurimisdonnriisornamentouuronastcriicnn·

100 1024 919 1096 docibilibuscontnlit,utquamdinirrrrarnentispbeera

97 1112 230 1170 volvitur
243 1113 307 1184 ejus
324 1129 449 1185 pcrenne
466 1114 600 1169 moritum
628 1113 751 1185 proinde
768 1112 863 1182 capiat
880 1112 922 1166 in·

99 1210 290 1259 crementum.
308 1203 419 1269 Quanta
448 1209 543 1259 autom
560 1203 625 1259 aliis
649 1201 845 1271 monasteriis,
861 1215 921 1257 sinae

973 669 1058 737 celle,
1068 667 1298 727 rathmirtiatrure
1308 667 1426 741 esposse
1438 669 1503 726 Hoc
1512 669 1611 726 cotem
1621 668 1745 729 colonos
1754 670 1803 730 la·

977 757 1046 826 bot,
1054 757 1163 828 paciaci
1170 757 1498 824 sercidccolantotccd
1502 757 1680 830 jaciendum
1681 759 1801 834 sunda·

974 847 1800 922 nneotocmiosndorecompatiqpoctqcommittconsper-

977 936 1156 1008 tumsucrit,
1173 936 1253 1007 quod
1265 936 1381 993 tontum
1395 937 1428 992 in
1447 935 1542 993 ultum
1557 939 1720 1010 consonant
1725 953 1802 1011 qua-

977 1026 1799 1099 transactuscubitimenaurumecperterrumootertdct,

977 1115 1141 1174 totescobc's
1151 1117 1264 1187 desiero
1272 1117 1375 1173 nostro
1385 1115 1801 1190 suppeticcprcmoomtpor-

975 1219 1009 1261 co
1033 1207 1258 1278 aliquantorum
1279 1206 1444 1263 interstitio
1468 1205 1800 1277 conmunsmqaocdeo

99 1292 297 1361 pastoralitatl
312 1307 395 1362 aequo
411 1293 541 1349 subactis
554 1296 582 1347 et
600 1296 703 1361 agente
722 1290 826 1361 inspiro
842 1302 921 1360 pres·
969 1293 1215 1365 profectomloeto
1235 1293 1464 1366 suomeoopaot,
1489 1294 1803 1364 queceaomcnconc

97 1395 163 1435 sura
180 1396 251 1451 pone
263 1380 412 1453 collapsis,
426 1383 460 1437 ad
471 1381 697 1438 restaurationis
707 1380 830 1450 gratiam
841 1377 920 1448 larga

98 1483 181 1525 manu
199 1471 389 1539 concusserit,
407 1469 568 1541 qualiterve
593 1469 760 1525 intonasticae
776 1466 908 1538 religioni

98 1571 161 1626 quae
178 1563 247 1613 tunc
260 1558 402 1628 temporis
427 1557 534 1628 ubique
550 1557 734 1628 pessumdari
756 1556 909 1612 uidebatur

99 1645 918 1716 utpotefauorabilisanimarunrlanguentiumareblater,

975 1396 1093 1439 manaem
1106 1382 1147 1439 od
1156 1395 1302 1438 summum
1316 1381 1580 1453 compertumque.

1012 1475 1036 1525 7.
1053 1470 1114 1535 Quo
1124 1484 1254 1526 caesareo
1273 1468 1420 1540 gloriosus
1431 1468 1562 1541 pontifex
1574 1469 1719 1527 animatus
1734 1485 1801 1543 pro·

977 1557 1075 1624 misso,
1092 1558 1190 1613 divino
1206 1557 1363 1614 comitatus
1378 1555 1487 1613 auxilio
1502 1556 1608 1614 mentis
1624 1562 1797 1630 conceptum

977 1645 1800 1718 operctenusimpleregestiens,quamplurimisstrenue

98 1733 380 1792 auctoraliantidoto
394 1735 583 1801 succurrerit,
602 1735 716 1790 modum
731 1731 920 1802 atquecalcu·
936 1736 960 1795 Β
976 1734 1130 1791 accersitis
1140 1739 1168 1791 et
1178 1735 1306 1792 corrasis
1317 1733 1512 1790 caementariis
1522 1738 1610 1804 atque
1625 1734 1799 1806 fossoribus,

99 1819 157 1876 lum
174 1823 329 1894 excedunt,
348 1822 472 1893 ideoque
488 1823 524 1877 ad
550 1821 724 1877 narrandum
741 1835 836 1877 sermo
852 1835 917 1876 suc-

97 1909 222 1964 cumbit.
243 1910 320 1966 Adeo
335 1910 460 1982 denique
474 1911 615 1967 uirtutum
633 1912 787 1980 paedagoga
810 1908 919 1965 caritas

98 1996 125 2050 in
143 1996 206 2065 ejus
220 2004 340 2069 pectore
365 1999 518 2069 vigorabili
535 1999 656 2070 imperio
681 2009 829 2069 sceptrum
846 1997 920 2053 obti-

99 2084 171 2153 nuit,
190 2090 334 2155 quatenus
350 2103 414 2143 cum
431 2088 517 2142 beato
537 2088 590 2143 lob
606 2086 681 2143 baud
699 2086 803 2156 injuria
821 2085 919 2141 dicere

97 2182 207 2242 posset,
223 2174 289 2244 quin
301 2176 742 2246 ecuteromotricmeceqressu
752 2174 795 2232 est
805 2174 921 2232 corilus

95 2273 207 2317 mecum
221 2262 295 2329 (Joo.
315 2279 393 2332 xxxi,
410 2267 465 2336 18).

133 2353 158 2403 5.
175 2350 273 2406 Doluit
289 2351 429 2421 siquidem
446 2354 614 2424 frequenter
626 2352 748 2423 udisque
760 2351 920 2409 luminibus

97 2436 155 2492 alta
174 2439 344 2496 multotiens
360 2442 487 2509 suspiria
514 2442 616 2511 traxit,
633 2441 708 2511 quod
725 2440 874 2504 sacellum,
892 2440 919 2495 in

100 2540 157 2595 quo
173 2527 322 2598 pretiosus
339 2529 451 2584 Domini
475 2529 665 2600 archipraesul
689 2529 849 2587 Eucherius
864 2542 919 2584 una

97 2629 161 2671 cum
190 2614 365 2671 beatissimis
393 2617 690 2688 commanipularibus
719 2619 780 2673 suis
807 2618 833 2672 in
851 2631 921 2689 pace

98 2704 263 2774 pausitatet
276 2705 432 2762 adventum
445 2706 650 2778 Redemptoris
660 2711 806 2777 expectat,
819 2705 918 2764 bumili

96 2794 183 2850 nimis
193 2799 281 2862 atque
295 2797 478 2867 paupertino,
490 2801 534 2852 tot
547 2797 715 2852 labentibus
727 2797 818 2864 annia,
837 2796 921 2853 dura·

98 2882 920 2947 retinstrumento;secumanxiusinarchivomentisuol-

96 2972 586 3044 uem,quatenusvitamsospitate
597 2972 766 3041 comitante,
775 2972 919 3042 condigno

97 3063 238 3128 quantum
255 3059 290 3116 ad
308 3059 454 3116 bominum
475 3061 697 3117 aestimationem
713 3065 864 3132 apparatu,
878 3059 919 3130 ja-

96 3151 178 3203 ctato
190 3148 448 3218 nouoiundaminc,
467 3149 556 3205 tantis
568 3149 862 3220 patronisomnigcno
877 3147 920 3206 uti

95 3233 227 3291 decuerit
243 3233 290 3267 ⁸⁸⁶⁶
302 3239 406 3292 ornatu
424 3235 624 3293 dominicalem
642 3251 736 3306 ungue
755 3241 840 3292 tenus
857 3252 920 3308 per·

97 3323 206 3394 poliret
229 3323 402 3391 ecclcsiam3
432 3325 516 3382 nauci
533 3324 662 3397 pendens
677 3324 762 3381 istam
790 3330 919 3382 nostram

95 3416 263 3468 veteranam
279 3419 357 3470 etex
373 3413 493 3484 obliquo
513 3428 621 3471 uocaus
634 3428 696 3472 cam
712 3411 859 3471 redituum
877 3429 920 3471 re·

96 3500 281 3573 positorium.

129 3576 153 3628 6.
173 3572 303 3643 Cumque
317 3575 376 3628 tam
393 3573 521 3644 spiritali
536 3577 604 3631 uoto
628 3575 733 3632 crebra
757 3574 919 3633 intentione

93 3665 171 3716 esset
189 3667 362 3733 occupatus,
381 3662 490 3719 accidit
506 3663 629 3732 quadam
656 3663 730 3733 vice,
748 3667 779 3720 nt
796 3665 919 3735 praefato

94 3747 229 3818 principi,
247 3748 377 3819 quicum
406 3749 561 3821 apostolici
592 3750 710 3807 bononis
725 3752 919 3822 praerogatiua

94 3835 303 3906 dignatusest,
320 3852 379 3908 prae
396 3838 504 3895 ceteris
519 3837 712 3895 ecclesiarum
730 3840 846 3897 uatibus
862 3856 921 3898 mo·

94 3923 149 3980 nali
166 3923 255 3982 allatu
283 3928 409 3995 coesset,
430 3926 516 3996 eique
533 3927 608 3983 inter
624 3927 679 3983 alia
709 3926 920 3987 ecclesiastice

92 4011 917 4088 utilitatisconsiliahuiuscevoluntatisjauuasaperiret.

92 4102 252 4171 imperator
268 4117 349 4171 veru,
365 4103 408 4158 uti
420 4103 670 4162 catholicissimus
681 4106 836 4162 unundialis
848 4108 921 4164 aulae

92 4192 201 4259 rector,
218 4194 300 4246 tanto
317 4190 389 4247 tanti
408 4192 557 4262 pontilicis
578 4192 762 4263 conjubilans
779 4198 847 4251 uoto
863 4211 922 4266 prae

92 4276 179 4332 nimia
196 4277 303 4333 utentis
319 4278 473 4338 alacritate
489 4281 515 4335 in
533 4282 594 4338 brec
611 4282 740 4353 prosiliit
763 4298 829 4339 orsa
846 4302 851 4336 :
869 4285 922 4340 Bc·

89 4365 225 4424 nedictus
240 4368 320 4425 Deus
346 4384 437 4441 super
454 4371 591 4427 tirrenum
608 4371 724 4428 aterno
750 4373 922 4442 nccjeatotie

89 4542 337 4602 eatcoloutotem!
351 4547 392 4602 Et
402 4545 661 4604 benedictiuncula·
671 4547 923 4607 uectorumque.

90 4629 377 4690 clm-umuocotnrcc
389 4636 488 4704 emtus,
498 4649 553 4706 per
563 4635 649 4706 cujus
659 4637 845 4695 accesso-rios
856 4653 923 4696 orc-

89 4716 923 4795 tionestotiusiucpcritnostrinDorciooreguotnruortar

89 4806 923 4889 litaidiciuoomstodiebuonostrtobocpropositumper·

90 4896 265 4953 deoaeritool
283 4897 433 4969 affectuum,
448 4900 532 4957 ictuc
550 4902 613 4972 jam
620 4902 747 4972 portuno
761 4905 841 4960 ctum
856 4907 926 4962 orm·¹

90 4997 181 5041 nerto
189 4985 466 5056 corotctopredior,
475 4988 823 5061 tontumutopodlesunt
836 4993 921 5049 t'bri·

89 5070 169 5128 atam
178 5072 439 5146 judicemjostum
451 5075 568 5132 hactum
578 5076 774 5149 economum,
787 5080 923 5150 patrarant

95 5160 245 5216 treverico
262 5162 346 5220 urbis
358 5164 503 5222 doctorem
507 5165 596 5236 piton
604 5179 658 5237 pro
670 5167 838 5225 accessibus
847 5169 922 5228 necis

976 1823 1011 1878 aul
1028 1823 1122 1879 loeium
1137 1823 1270 1879 tetendit.
1289 1824 1417 1893 Cumque
1429 1822 1487 1891 jam
1499 1835 1552 1892 per
1564 1819 1626 1878 dies
1637 1822 1748 1895 aliquot
1761 1822 1807 1882 loa

975 1910 1081 1968 diendo
1094 1911 1257 1967 laboratum
1270 1911 1385 1980 luisset,
1400 1913 1519 1982 repente
1532 1911 1659 1966 fossores
1674 1909 1800 1983 inopinis

976 1999 1082 2056 ictibus
1099 2000 1125 2054 in
1144 2003 1367 2070 torquatosque
1389 1998 1464 2055 beati
1480 1998 1564 2068 Celsi,
1583 1995 1627 2055 uti
1641 1998 1792 2057 Divinitatl

977 2086 1098 2159 placuit;
1117 2088 1308 2160 polyandrum
1327 2088 1400 2159 (527)
1415 2087 1598 2158 impegerunt
1607 2129 1794 2145 .......

976 2177 1043 2232 Erat
1055 2185 1151 2233 antem
1164 2175 1360 2246 sarcophagus
1372 2175 1443 2246 ipse,
1460 2175 1488 2230 in
1503 2190 1559 2245 quo
1576 2176 1802 2236 resurrectionis

976 2266 1083 2322 nudum
1099 2280 1220 2335 granum
1234 2264 1402 2321 'maturandi
1432 2265 1526 2335 gratia
1543 2279 1594 2336 per
1610 2269 1653 2322 tot
1669 2268 1800 2338 tempora

978 2355 1072 2425 latuit,
1087 2355 1150 2410 miri
1163 2353 1300 2411 candoris
1310 2358 1403 2424 petra,
1416 2366 1501 2423 quam
1513 2353 1618 2423 uulgus
1628 2358 1738 2411 cretam
1750 2370 1800 2412 vo·

977 2449 1038 2509 cat;
1054 2448 1083 2498 et
1098 2442 1198 2499 tabula
1215 2441 1340 2513 desuper
1356 2455 1529 2507 marmorea,
1546 2441 1573 2497 in
1589 2456 1644 2513 qna
1661 2443 1799 2500 sanctita·

976 2532 1015 2587 tis
1030 2532 1093 2602 ejus
1109 2531 1192 2587 index
1209 2529 1315 2586 titulus
1331 2529 1383 2587 luit
1407 2534 1564 2587 caraxatos
1590 2530 1666 2587 branc
1681 2531 1797 2588 modum

976 2620 1129 2676 continens
1147 2638 1153 2673 ε

1011 2707 1768 2780 Sollicitusquicumquccupiaccpnooccrelumbum,

1048 2796 1309 2866 Praetorosjomt
1317 2796 1367 2853 bic
1376 2796 1551 2853 nomioccel
1561 2797 1680 2854 meritis

1014 2887 1126 2956 Celsus,
1139 2901 1226 2959 quem
1235 2885 1380 2942 Dominus
1389 2899 1456 2941 cero
1466 2884 1627 2955 insequenti
1635 2884 1752 2957 decore,

1046 2971 1712 3045 Nonsepotoputrioeacmperubiquitatem&

1013 3062 1070 3128 Qut
1077 3074 1173 3131 pocus
1183 3061 1274 3132 etque
1284 3060 1380 3118 ortum
1389 3061 1472 3118 claro
1483 3060 1517 3117 de
1526 3061 1678 3119 eumancio
1690 3063 1797 3135 bonit,

1044 3149 1220 3222 affectuque
1227 3151 1280 3221 pio
1295 3149 1434 3207 conditur
1447 3149 1501 3207 lucc
1516 3150 1637 3208 tornulo.

1009 3244 1035 3298 8.
1054 3238 1213 3311 Operarius
1237 3244 1332 3294 autem
1362 3237 1409 3308 qui
1425 3238 1538 3309 primus
1565 3238 1693 3297 omnium
1709 3240 1737 3297 in
1754 3247 1797 3298 tu·

974 3329 1083 3387 mulum
1099 3327 1229 3398 offendit,
1246 3327 1373 3383 rusticus
1388 3333 1452 3382 erat
1467 3330 1498 3382 et
1512 3326 1605 3384 totius
1621 3343 1694 3399 pene
1710 3331 1799 3388 ratio·

975 3419 1028 3486 nis,
1048 3417 1089 3474 uti
1105 3416 1133 3472 id
1154 3415 1301 3472 bominum
1316 3429 1410 3485 genus
1424 3414 1569 3484 noscitur,
1587 3415 1718 3489 incapax.
1736 3419 1798 3476 Non

974 3508 1050 3564 enim
1068 3506 1178 3563 sciebat
1204 3506 1321 3561 beatum
1336 3505 1389 3560 tob
1405 3502 1537 3560 dixisse:
1565 3502 1798 3578 oausamqoom

973 3594 1137 3655 mactabam
1148 3593 1379 3664 diligentissime
1391 3591 1611 3664 investigatum
1624 3594 1738 3667 (lobs,
1751 3598 1780 3668 u)
1786 3613 1799 3665 ,·

975 3686 1026 3741 sed
1045 3681 1270 3756 praecipitationi
1288 3695 1401 3737 manum
1417 3681 1555 3739 incautus
1565 3682 1647 3740 dedit
1658 3683 1799 3742 tabulam·

975 3786 1030 3843 quc
1048 3770 1165 3842 bipenni
1182 3769 1269 3841 rapit,
1285 3771 1316 3825 ut
1333 3768 1381 3824 uix
1395 3782 1411 3824 a
1428 3768 1525 3826 doctis
1540 3769 1728 3830 viristitulus
1743 3772 1799 3843 legi

976 3862 1105 3916 inerrato
1122 3859 1267 3930 quivisset
1271 3899 1463 3913 .......

1010 3935 1036 3987 ti.
1052 3932 1180 4001 Cumque
1194 3931 1253 3984 tam
1270 3928 1355 3984 letus
1370 3928 1470 3985 romoi
1480 3928 1535 3985 sud
1546 3929 1649 3986 cursili
1661 3931 1800 3988 testinan-

977 4020 1016 4076 tia
1032 4020 1067 4075 ad
1085 4017 1123 4090 pii
1141 4016 1287 4090 pontificis
1302 4015 1436 4072 notitiam
1449 4016 1641 4088 peruenisset,
1653 4018 1801 4077 multilau-

977 4109 1011 4164 da
1029 4107 1188 4179 gratiarum
1203 4105 1319 4161 actione
1330 4104 1457 4161 omnium
1471 4105 1601 4163 datorem
1612 4105 1799 4177 largitionum

977 4195 1126 4254 benedixit
1141 4195 1229 4250 licum
1239 4209 1246 4258 ;
1258 4192 1358 4263 sicque
1372 4191 1506 4264 impiger,
1522 4209 1610 4251 morae
1622 4195 1749 4267 nescius,
1763 4197 1799 4254 ad

977 4285 1105 4343 diuinum
1119 4280 1317 4355 spectaculum
1347 4281 1472 4353 proruit,
1490 4281 1570 4341 clero
1598 4284 1801 4358 circumstipa-

978 4381 1034 4429 tns
1054 4374 1108 4428 Sed
1126 4371 1258 4443 quamuis
1273 4371 1382 4442 incepti
1398 4368 1498 4442 operis
1510 4375 1590 4428 esset
1601 4372 1799 4446 avidissimus,

89 4456 217 4524 sompni
230 4456 315 4515 nobis
327 4458 388 4514 torst
400 4458 594 4528 ptolomaidi
610 4460 762 4532 tosp'rorc
779 4460 922 4532 dignaatus
939 4466 962 4524 υ
979 4463 1050 4516 liano
1067 4469 1161 4516 tannen
1183 4459 1426 4530 interruptionem
1456 4458 1597 4518 sustinuit
1620 4459 1799 4536 laetissimus,

979 4565 1045 4605 vera
1063 4550 1117 4604 tide
1133 4564 1168 4604 ex
1183 4547 1263 4602 tituli
1281 4549 1442 4604 assertione
1471 4547 1663 4618 certificatus,
1681 4552 1757 4624 quod
1773 4553 1800 4608 in

978 4639 1081 4694 dicbus
1092 4637 1154 4693 suis
1167 4650 1255 4708 super
1272 4636 1371 4692 urbem
1382 4637 1565 4695 Treuericam
1580 4639 1745 4696 diuinitatis
1760 4639 1802 4697 di·

976 4729 1101 4799 gnanter
1116 4725 1255 4798 delapsus
1277 4729 1356 4782 esset
1373 4730 1537 4797 respectus.
1556 4726 1696 4784 Omnibus
1711 4726 1802 4798 igitur

977 4812 1803 4888 quacacciderantprndemiaescalpellodlligcmcrrima·

976 4903 1025 4973 tis,
1044 4901 1122 4958 beati
1139 4900 1268 4974 pignoris
1285 4900 1403 4972 taphum
1421 4898 1456 4955 de
1473 4899 1536 4957 loco
1551 4900 1728 4972 depositioni
1744 4918 1803 4960 mo-

976 5005 1045 5048 uere
1060 5005 1241 5061 nequaqnam
1259 4989 1456 5060 praesumpsit,
1473 4987 1524 5045 sed
1545 4992 1659 5046 tautum
1675 4990 1803 5047 auctori-

978 5081 1048 5136 tatis
1063 5095 1122 5136 suae
1134 5077 1231 5148 sigillo
1243 5079 1296 5134 snb
1310 5075 1429 5147 uigilum
1441 5075 1574 5133 excubiis
1587 5076 1703 5146 signare
1719 5092 1802 5137 cura·

978 5167 1036 5236 vit;
1062 5166 1251 5240 psalmicines
1263 5143 1383 5220 interim
1401 5163 1557 5223 monachos
1574 5163 1680 5222 ibidem
1694 5168 1789 5225 consti

773 5298 893 5356 VARlAE
910 5300 1110 5360 Lectiones.

119 5388 170 5424 ⁸⁸⁸³
186 5390 351 5446 decreverit
368 5394 445 5451 Bud.

100 5581 105 5587 ·
127 5559 201 5631 (527)
218 5559 424 5616 Coemeterium
440 5567 490 5618 aut
505 5563 671 5634 sepulcrum
