3788 5992
95 147 152 217 tlt

684 153 931 222 CHRONlCON.
953 191 993 207 ·-
1013 159 1090 222 LIB.
1115 159 1139 224 1.

1735 170 1792 238 ¹50

89 285 200 362 carior,
212 286 346 360 subjecto
358 294 438 348 essct
449 289 594 349 humilior.
612 290 739 352 Puerum
749 297 846 352 autem
867 306 915 352 res
930 287 958 354 Α
973 291 1101 356 dictione
1116 295 1790 380 711717771177777777777177777171711177.

91 377 155 434 istae
173 398 179 432 :
202 379 318 435 abbatia
333 379 426 436 sancti
442 379 568 437 amantii
584 380 612 436 iu
628 381 752 439 liotenia
772 384 843 439 urbe
858 384 914 455 (57)

90 481 156 525 cum
173 467 364 540 appendiciis,
389 470 477 554 hseus
492 471 578 526 etiam
595 471 692 542 reglus
706 473 915 543 Maderniaeus‚

90 556 914 630 elaliusPuliniacusnomiue,donatiservitorumsancti

90 645 171 700 Petri
187 650 217 702 et
233 647 328 701 salicti
342 647 437 704 vitoni
460 648 561 705 usibus
577 650 669 721 ipsius
699 651 775 708 beati
792 651 916 707 amantii

90 732 249 804 largitione
262 734 328 807 (118).

126 821 199 892 (Fol.
212 826 248 879 et
257 825 290 881 in
300 826 409 898 marg.)
423 827 504 883 Anno
513 840 583 882 vero
594 826 787 885 ordinationis
799 843 859 885 suar
872 833 915 898 13,

92 910 142 981 qui
158 916 224 968 crat
238 913 295 968 inc.
310 914 381 969 bom
406 916 468 983 765,
486 914 582 970 delata
599 921 667 971 sunt
691 917 727 972 ab
742 916 813 972 urbe
828 917 916 973 Ronva

90 1012 144 1070 per
158 1000 355 1057 venerabilem
372 1001 593 1071 Grodegandum
623 1004 790 1061 blcttensem
807 1004 917 1061 archie-

91 1085 245 1158 piscopum
257 1104 380 1160 corpora
396 1093 563 1146 sanctorum
587 1092 734 1161 dor-gomi,
748 1093 871 1148 Nabaris
887 1098 917 1148 et

88 1174 217 1246 Nazarii,
231 1190 246 1231 a
259 1190 430 1234 successore
443 1179 579 1251 Stephani
595 1179 684 1236 Paulo
696 1194 769 1252 papa
781 1171 839 1235 'sibi
851 1195 917 1235 con·

88 1276 175 1319 cessa
203 1277 280 1321 nono
307 1269 435 1336 papatus
449 1267 493 1322 eui
519 1282 603 1337 anno,
620 1273 649 1323 et
678 1269 810 1338 sequenti
840 1282 916 1325 anno

91 1353 217 1421 uterque
230 1350 357 1408 decessit
374 1353 500 1410 asecnlo
511 1354 669 1411 indictione
683 1357 794 1426 quinta,
807 1356 918 1412 711177-

92 1437 245 1508 degandus
261 1441 288 1495 in
306 1442 491 1511 monasterio,
505 1443 581 1513 quod
593 1444 695 1501 Gorzia
708 1444 825 1514 dicitur,
840 1447 916 1516 quod

92 1526 154 1597 ipse
165 1531 388 1598 construxerat,
403 1529 735 1588 tumulatnsvcncratur
750 1532 798 1588 ubi
815 1538 915 1604 postea

1008 406 1138 464 Fulcitur
1154 408 1265 481 cuncis,
1284 424 1356 480 qnos
1371 413 1462 468 nectit
1475 427 1554 469 amor
1565 413 1704 484 pietatis:

1008 478 1107 535 Fletus
1119 495 1168 535 ora
1183 480 1286 550 rigant,
1300 481 1447 550 singultus
1457 489 1577 554 pectora
1588 490 1736 554 quassant.

1003 548 1792 678 Fletpiusipsegreffemprospectansderesequentem

1009 620 1164 691 Compulit,
1182 628 1214 677 ut
1231 637 1261 678 re
1284 628 1366 688 eant;
1380 623 1420 678 7117
1434 624 1593 681 ferventius
1610 628 1731 695 instant,

1008 691 1063 746 Ora
1080 694 1793 767 insonsquepedesst1·mgnnt,mutcetqucgemam

1009 831 1204 901 ingeminatur
1217 852 1223 888 :
1235 835 1304 904 Aac,
1320 835 1423 904 Soloe,
1439 834 1584 906 Felisque
1599 836 1706 894 edicto
1718 767 1793 839 μεθ’

972 938 1082 1009 Vixque
1099 944 1164 1010 post
1191 941 1252 996 haec
1268 939 1367 995 madiis
1395 941 1531 1011 precibus
1558 941 1676 1012 elapsus
1692 956 1792 999 eorum

973 1027 1331 1095 manibus,itcrn1nirrmat
1342 1042 1393 1083 eos
1404 1029 1666 1100 benedictionibus,
1675 1045 1794 1088 monens

972 1121 1000 1170 et
1017 1116 1178 1186 deprecans
1195 1114 1348 1171 sollicitius
1364 1116 1469 1171 divinis
1485 1117 1640 1186 invigilare
1651 1118 1791 1191 cultibuS,

972 1219 1004 1258 ac
1020 1203 1178 1258 aniuiarum
1196 1201 1319 1258 salntem
1331 1218 1454 1274 quercre
1467 1205 1653 1275 propensius.
1667 1206 1712 1263 Sic
1723 1211 1794 1262 tam·

972 1291 1035 1347 dem
1061 1307 1110 1348 eos
1135 1290 1339 1346 commendans
1365 1292 1495 1359 Donnino,
1524 1293 1659 1362 graditur
1687 1307 1793 1365 aggere

972 1379 1098 1452 publico,
1117 1380 1209 1436 iectus
1224 1379 1273 1436 liei
1299 1379 1416 1436 auxilio.
1433 1381 1534 1452 ltaque
1563 1396 1679 1439 emensa
1694 1383 1793 1440 nativa

973 1467 1062 1524 Gallia
1080 1473 1145 1539 post
1161 1482 1263 1540 aspera
1280 1483 1311 1525 nc
1328 1469 1412 1525 devie
1424 1468 1539 1541 Alpium
1556 1470 1659 1528 itinera
1676 1471 1792 1544 excepit

973 1570 1037 1612 eum
1056 1557 1146 1626 ltalia,
1161 1556 1310 1614 deducens
1326 1559 1443 1615 Romam
1460 1558 1659 1630 apostolorum
1676 1560 1792 1626 limina;

91 1614 272 1686 ¹³⁰⁸i²¹¹me⁸t
283 1618 635 1689 ⁰⁰sp¹¹⁸⁸³¹¹⁰tic⁰fss⁰¹¹ii
647 1622 915 1691 ³⁰⁰⁰P⁰⁸t⁰bst¹¹m
931 1640 958 1701 B
974 1645 1020 1701 ubi
1040 1660 1091 1718 per
1101 1644 1217 1702 diversa
1230 1652 1389 1716 martyrum
1400 1646 1543 1703 cimiteria
1556 1662 1681 1718 quercus
1691 1648 1795 1705 oratio·

90 1702 154 1772 eius
179 1708 297 1775 quarto,
318 1704 456 1762 videlicet
474 1719 547 1762 anno
561 1708 597 1762 ab
614 1708 670 1763 inc.
697 1709 856 1779 11777768,
874 1724 916 1766 rc-

47 1795 50 1803 *
89 1790 317 1862 gnantibusJ'am
330 1798 395 1865 post
407 1794 559 1866 Pippinum
573 1795 641 1852 hliis
651 1795 714 1865 ejus
724 1797 915 1854 llarlomanno

90 1880 117 1935 ct
129 1877 252 1948 carolo(
259 1881 375 1938 Tradat.
389 1881 551 1954 Gargonii?
562 1883 603 1938 dl.
614 1884 722 1941 7177771.
730 1884 915 1958 Fcldeoses.)

126 1966 199 2035 (rol.
212 1966 279 2041 δι’.)
290 1970 768 2043 bumigiturmnltiplicivirtutum
779 1972 915 2042 flagraret

90 2053 251 2127 desiderio,
280 2058 384 2115 incidit
399 2060 424 2115 ci
447 2060 587 2129 cogitatio
604 2061 639 2116 ad
664 2059 831 2131 sepulcrum
848 2062 914 2118 vitae

91 2143 236 2216 principis
250 2145 471 2204 lherosolimam
488 2162 610 2219 pergere
623 2148 846 2219 peregrinando.
866 2152 915 2205 Fe-

91 2230 214 2287 stinavit
230 2233 328 2305 itaque
343 2233 463 2306 implere
474 2237 638 2292 voluntaria
653 2237 822 2307 exilitione,
837 2239 913 2309 qnod

91 2324 188 2376 mente
203 2322 338 2394 concepit
350 2322 446 2379 divina
463 2323 663 2396 inspiratione.
681 2326 810 2397 Dumque
826 2328 854 2381 in
866 2327 914 2383 ad-

92 2407 309 2466 ministratione
323 2409 436 2468 itineris
447 2413 612 2468 neccssaria
625 2427 738 2484 queque
755 2414 914 2486 praeviden-

91 2498 149 2564 tur,
167 2496 339 2570 principalis
354 2499 487 2556 aecclesia
502 2501 630 2572 pcccatis
651 2501 835 2572 exigentibus
850 2503 915 2573 igne

91 2585 323 2657 apprehenditur
348 2601 381 2645 ac
407 2588 537 2646 seviente
567 2589 698 2647 inccndio
726 2590 914 2648 succenditur

92 2672 200 2746 [Bana]

124 2800 292 2857 Turbautur
306 2799 418 2874 plebes,
437 2801 581 2859 tolluntur
601 2803 746 2860 adelbera
763 2818 860 2875 voces,

124 2871 205 2928 Unus
216 2871 244 2927 in
261 2872 334 2929 urbe
351 2871 443 2942 dolor,
461 2874 747 2931 communiscivibns
763 2875 877 2932 horror.

972 1748 1039 1790 num
1063 1733 1220 1805 juvamina,
1252 1734 1436 1806 pernoctavit
1451 1734 1616 1805 vigiliarum
1644 1736 1794 1808 instantia,

972 1823 1793 1894 1777777117777711171717771777777717717.7777177771

971 1928 1005 1970 eo
1021 1918 1152 1984 tempore
1164 1914 1300 1969 Romane
1312 1911 1443 1970 ecclesie
1455 1911 1609 1981 Adrianus,
1623 1913 1666 1968 vir
1679 1917 1795 1985 aposto·

970 2000 1056 2070 licus,
1074 2002 1120 2058 cui
1136 2002 1293 2059 nunciatus
1318 2006 1363 2058 est
1388 2001 1553 2057 bladelveus
1576 2001 1794 2059 sacratissimus

971 2090 1152 2160 peregrinus.
1166 2091 1292 2160 Benigne
1308 2095 1350 2146 est
1367 2091 1403 2146 ab
1417 2104 1452 2146 ec
1464 2093 1627 2160 susceptus,
1642 2089 1795 2160 benignius

970 2178 1074 2235 dictans
1091 2179 1191 2236 inultis
1206 2184 1348 2246 retentus,
1371 2178 1577 2248 benignissime
1594 2177 1716 2248 probata
1732 2178 1795 2247 eius

968 2268 1120 2323 voluntate
1148 2283 1213 2323 cnm
1238 2265 1399 2338 apostoliea
1417 2266 1617 2322 bencdictione
1646 2264 1793 2322 dimissus.

968 2354 1796 2426 Pretcrgressaergoh'ursiaeprovincias,suscepitnovum

970 2446 1112 2517 hospitem
1140 2443 1304 2515 Campania,
1321 2458 1405 2515 quem
1421 2441 1526 2497 exinde
1557 2443 1688 2514 amplexa
1703 2447 1749 2499 est
1766 2443 1795 2500 in

971 2535 1102 2603 Gargano
1115 2531 1280 2601 archangeli
1293 2530 1437 2587 aecclesia.
1457 2530 1545 2601 Cujus
1556 2546 1608 2602 pro
1621 2531 1733 2588 loribus
1746 2530 1796 2588 ali·

971 2623 1087 2694 quantis
1110 2622 1258 2677 excubans
1281 2618 1429 2688 noctibus
1447 2621 1630 2676 confortatur
1655 2617 1795 2690 angelicis

970 2710 1231 2777 consolationibus,
1245 2707 1427 2763 eulailaratur
1440 2707 1544 2764 divinis
1554 2706 1792 2766 revelationibus.

970 2799 1193 2856 prestolabatur
1204 2811 1268 2853 cnm
1278 2795 1408 2865 gaudeus
1420 2794 1557 2866 Appulia,
1570 2793 1709 2865 vulgante
1722 2796 1794 2852 lama

970 2889 1033 2960 ejus
1044 2886 1209 2943 sanctitatis
1221 2883 1354 2954 insignia3
1369 2897 1452 2953 quem
1468 2886 1500 2938 ut
1516 2881 1599 2951 vidit,
1613 2882 1715 2939 uiirata
1730 2897 1796 2954 pro·

92 2995 167 3052 punc
182 3009 266 3052 mens
293 2995 432 3053 madelvei
449 2997 476 3052 pn
506 2997 621 3053 diversa
640 2997 762 3068 pappum
792 2999 916 3071 spiritus
931 2991 955 3054 C
972 2975 1106 3032 clamavit
1120 2990 1184 3030 cum
1195 2973 1349 3028 Psahnista
1364 2969 1649 3028 :Sieutoodicimea
1660 2971 1796 3028 1177171-

93 3083 238 3152 anxiatur,
255 3098 365 3155 corque
381 3085 527 3142 turbator.
540 3084 663 3140 Tandem
680 3086 709 3141 in
725 3100 754 3143 se
767 3101 913 3156 reversus,

93 3170 918 3245 illiusquememorproverbii:Nooratmagceamogaam

88 3258 201 3330 771777
212 3260 293 3332 qood
302 3260 400 3316 rodant
413 3261 498 3331 taceo
514 3262 545 3318 od
561 3260 686 3333 lapidea,
709 3263 917 3321 etmortmottor

92 3348 245 3417 mortales,
262 3348 423 3420 temporale
438 3348 593 3419 dampnum
612 3350 757 3421 patienter
786 3349 865 3420 tulit,
883 3365 916 3408 ac

93 3435 229 3493 statimin
238 3434 503 3493 melioremstatum
516 3450 653 3507 reparare
666 3438 805 3494 fabricam
814 3438 914 3508 jussit.

93 3524 291 3582 conventione
304 3538 390 3595 porro
402 3524 477 3580 iacta
489 3539 554 3580 cum
566 3524 741 3595 artificibus,
758 3525 918 3596 deputatis-

93 3627 148 3684 que
160 3611 347 3682 custodibus,
359 3616 389 3668 et
400 3612 544 3668 ordinatis
554 3612 729 3669 necessariis
740 3614 914 3684 sumptibus,

93 3701 208 3771 suadet,
226 3705 363 3773 precatur
385 3700 565 3771 imperatque
581 3714 654 3773 opus
676 3701 811 3757 inchoare
827 3707 918 3758 matu·

91 3791 162 3862 rius,
180 3789 348 3847 accelerare
364 3789 517 3859 attentius,
532 3788 651 3860 explere
663 3788 843 3858 diligentius.

126 3916 178 3973 llis
203 3915 244 3972 lta
261 3912 378 3971 collatis
389 3914 475 3971 datur
489 3911 646 3969 alternatio
662 3912 747 3969 votis.

127 4038 257 4110 (11.780.)
273 4016 480 4109 preparantur
496 4042 630 4109 sumptus
644 4051 676 4094 ac
692 4035 918 4094 vehiculatanto

91 4128 189 4186 itineri
210 4126 388 4197 necessaria,
401 4126 550 4197 eliguntur
566 4125 689 4182 comites
700 4139 798 4181 amore
810 4125 918 4182 Christi

972 3065 1071 3122 dimoc
1087 3063 1181 3135 (Prot.
1195 3076 1277 3130 77777,
1294 3063 1331 3132 11).
1344 3061 1413 3115 Post
1426 3059 1541 3114 diversa
1555 3063 1651 3114 autem
1664 3057 1794 3114 locorum
1840 3053 1846 3063 '

972 3149 1145 3209 diverticula
1157 3149 1272 3222 pontica
1285 3149 1341 3220 (bd)
1354 3147 1517 3218 ingreditur
1529 3146 1639 3202 littora.
1652 3146 1722 3202 Hinc
1735 3152 1794 3202 tur·

974 3241 1033 3298 bidi
1049 3239 1196 3296 imminent
1219 3238 1336 3308 tluctuS,
1364 3235 1519 3308 procellosi
1537 3237 1693 3292 occurrunt
1711 3233 1795 3306 spiri·

973 3335 1031 3386 tus.
1049 3328 1216 3399 Suscipiunt
1234 3325 1411 3382 bladelveum
1427 3322 1592 3396 pontificem
1610 3322 1794 3394 peregrinum

975 3419 1032 3475 vita
1050 3416 1227 3486 religiosum,
1246 3412 1410 3470 invnoeeutia
1427 3411 1597 3482 gloriosum.
1609 3411 1662 3465 Dat
1678 3408 1796 3466 naulum

974 3505 1098 3575 navigio,
1116 3504 1238 3558 credens
1253 3516 1284 3557 se
1302 3501 1390 3557 maris
1412 3499 1552 3572 periculo.
1570 3502 1671 3570 pastus
1686 3496 1796 3554 caelesti

974 3593 1130 3651 sacrificio.
1158 3589 1324 3645 Protelatur
1341 3588 1487 3657 navigatio
1512 3586 1667 3642 multorum
1685 3584 1795 3640 dierum

976 3667 1796 3746 curriculo.instatsacerdospraedicationibus,inibrrnat

976 3773 1080 3826 nautas
1094 3765 1240 3823 doctrinis
1253 3764 1442 3821 salutaribus
1458 3762 1609 3818 Continuis
1617 3761 1729 3830 jejunat
1740 3759 1799 3815 die·

975 3861 1039 3928 bns,
1053 3855 1162 3926 vigiliis
1173 3858 1325 3927 pernoctat
1338 3857 1367 3909 et
1378 3851 1571 3908 orationibus.
1590 3850 1658 3905 Cana
1672 3864 1739 3906 vcro
1751 3847 1797 3904 die

975 3945 1097 4019 quadam
1127 3946 1278 3999 assuetum
1308 3944 1403 3997 nantae
1434 3939 1622 3994 concinerent
1656 3935 1796 4002 celeuma,

974 4031 1434 4105 garrulitatequeperstreperent
1445 4021 1799 4095 nautica‚tennpestasori-
1813 4020 1817 4029 '

973 4128 1023 4180 tur
1039 4116 1396 4192 repentinaNavisautcm
1408 4113 1684 4182 mediisiactabatm·
1701 4109 1795 4166 [lucti-

93 4218 256 4285 lerventes,
274 4216 303 4271 17
317 4215 466 4287 prosperis
481 4213 615 4281 humiles,
629 4213 656 4268 in
669 4212 800 4270 adversis
816 4213 916 4270 fortes.
976 4212 1042 4280 bus,
1060 4209 1180 4278 suisque
1195 4204 1364 4263 solvebatur
1375 4201 1573 4272 compagibus.
1585 4197 1720 4255 Turbatis
1731 4211 1800 4253 cun·

95 4305 186 4376 (790.)
203 4303 295 4360 Favor
305 4301 522 4373 metropolitani
534 4302 678 4372 queritur,
695 4315 833 4358 assensus
844 4316 920 4358 eom·
976 4306 1089 4359 ctornm
1107 4295 1221 4365 arianis,
1234 4292 1329 4349 ablata
1346 4304 1397 4363 spe
1406 4289 1521 4359 salutis,
1535 4287 1595 4344 sola
1612 4287 1732 4344 suberat
1744 4285 1800 4342 tor-

93 4390 323 4467 provincialium
346 4390 549 4463 episcoporum
577 4390 698 4462 petitur,
716 4404 768 4446 nce
785 4396 918 4460 negatur.
935 4371 961 4432 D
978 4389 1054 4446 mido
1070 4384 1183 4442 mortis·
1202 4380 1273 4453 (1²01.
1296 4379 1361 4453 ὅδ’.)
1377 4381 1454 4436 Tunc
1478 4374 1584 4449 praesul
1600 4373 1797 4472 beatissimus,

95 4478 170 4551 (rot.
192 4476 260 4551 ὅδ’.)
280 4478 445 4535 Tristautur
468 4478 550 4534 tamti
565 4474 599 4510 ¹³²
613 4478 759 4548 comparis
776 4478 919 4547 absentia,
977 4491 1034 4535 non
1045 4477 1126 4531 sorte
1138 4471 1272 4528 detectus
1284 4468 1458 4525 velnttonas
1471 4463 1678 4535 fugitivussed
1692 4465 1801 4518 sanctu·

95 4569 229 4627 letantur
258 4566 294 4623 de
320 4567 384 4637 ejus
408 4566 534 4638 justitia,
565 4571 723 4638 precantur
750 4563 792 4621 illi
821 4566 923 4623 adesse
979 4572 1039 4623 tate
1055 4561 1242 4633 conspicuus,
1260 4551 1801 4649 77177777177117771717777777777·
1842 4558 1848 4577 ·

95 4659 205 4716 Christi
232 4657 429 4730 praesentiam,
460 4669 516 4710 non
549 4653 648 4712 delore
672 4654 798 4727 Spiritus
826 4643 922 4712 sancti
978 4650 1105 4711 omnium
1121 4650 1241 4717 rogatus
1265 4643 1361 4716 pulsat
1382 4640 1485 4699 caelum
1509 4638 1698 4736 singultibus,
1714 4638 1801 4733 vocat

96 4748 233 4820 gratiam.
252 4744 486 4802 benedictionem
508 4747 612 4814 rogant
623 4743 727 4814 rogati,
740 4742 869 4799 salutant
880 4758 925 4800 sa·
981 4740 1127 4798 Christum
1143 4731 1308 4805 gemitibus.
1327 4731 1395 4787 ilico
1411 4728 1514 4786 caelum
1526 4741 1590 4825 cius
1606 4729 1699 4822 patuit
1711 4738 1800 4795 precr-

99 4836 197 4895 lutati.
215 4835 322 4892 Eorum
338 4833 451 4891 demum
474 4832 598 4889 consilio
619 4831 771 4889 ordinatur
786 4830 921 4893 aeclesia,
981 4829 1043 4897 bos,
1060 4829 1088 4882 et
1106 4823 1200 4880 oratio
1224 4819 1261 4876 ed
1276 4831 1418 4890 supernos
1440 4819 1573 4914 pervenit
1597 4812 1724 4911 auditus.
1742 4809 1800 4866 Nee

99 4921 322 4982 commendatur
345 4922 428 4994 plebs
452 4921 613 4978 commissa.
647 4921 692 4978 Sic
707 4924 826 4992 accepta
841 4919 926 4976 benc·
981 4898 1800 4987 nunna,aerisscrenitasmarisquercdvttranquillitasac

782 5044 899 5100 VARIAE
920 5039 1119 5099 lectiones,

135 5133 170 5170 ¹⁸¹
185 5136 225 5194 ita
241 5133 344 5194 codex.

891 5218 1003 5277 NOTAE.

150 5335 184 5388 tlt
210 5328 339 5387 libodez.

979 5323 1080 5381 charta
1096 5316 1225 5389 donavit,
1255 5327 1340 5388 quam
1363 5313 1425 5386 ipse
1450 5310 1533 5381 liuga
1557 5305 1631 5365 inira
1647 5305 1675 5364 17
1689 5308 1801 5362 textum

152 5404 186 5458 118
222 5402 380 5470 71777977,
409 5397 523 5455 demum
549 5394 742 5468 berengarius
770 5395 926 5468 episcopus
980 5392 1102 5464 reecpit.
1236 5455 1242 5468 ‚

101 5470 296 5531 virdunensis
317 5468 480 5529 vitonianis
504 5468 579 5525 bona
596 5465 728 5539 quedam
744 5466 770 5522 S.
801 5465 924 5525 amantii
1017 5463 1073 5534 (79)
1088 5464 1110 5519 l.
1127 5473 1153 5518 e.
1171 5469 1290 5516 marma.
