3788 5992
59 235 136 302 reta
408 224 543 298 tresde
559 216 790 297 ranven-
805 227 983 294 uerene.
1001 224 1170 294 nx'vmn
1186 229 1219 292 e.
1236 228 1391 294 neman
1682 222 1759 296 taso
1839 284 1845 290 .

94 394 228 448 Ceterum
238 389 316 461 quod
328 388 400 446 alias
411 400 526 459 quoque
535 386 646 443 Domini
659 385 808 456 reliquias,
824 399 881 441 nou
896 368 924 426 Α
940 383 1056 440 minime
1072 399 1159 441 verus
1176 398 1191 439 a
1210 384 1281 442 salso
1298 401 1349 457 per
1372 385 1499 456 aliquam
1526 387 1625 442 ambus
1652 387 1768 444 intuen-

59 482 153 537 minus
165 495 248 550 quam
262 478 375 535 clavum
387 478 481 550 ipsum
492 473 681 547 venerandas,
699 477 840 546 portaret,
853 479 882 530 et
939 473 1010 530 tium
1032 473 1209 543 diligentiam
1235 475 1330 530 valeat
1346 475 1486 546 separari.
1504 477 1584 531 Hunc
1608 490 1678 545 ergo
1693 476 1761 533 dum

58 570 242 643 privilegium
253 567 425 639 praedictum
439 570 567 622 testatur
580 564 664 637 (tte),
676 569 704 620 et
717 563 841 621 ecelesia
854 565 882 620 in
938 563 1148 633 pretioduetus
1160 568 1260 619 custos
1271 563 1306 618 de
1318 579 1402 620 manu
1413 563 1545 634 episcopi
1559 565 1761 635 praenominati

61 657 297 715 urbeTrevcriea
315 652 883 725 inhonorcprincipisapostolorumab
938 651 1129 721 suscepisset,
1159 651 1283 721 dumque
1312 657 1508 722 opportunum
1538 652 1661 708 uetando
1683 654 1761 708 turto

58 747 122 818 ipso
133 745 267 803 dedicata
280 759 333 815 pro
346 743 420 814 ipsis
432 744 460 797 in
474 743 520 799 sui
531 742 662 797 thesauri
673 740 883 812 gazophylacio
939 743 1055 810 tempus
1074 753 1105 795 se
1123 739 1268 794 invenisse
1290 743 1417 811 putaret,
1434 741 1628 796 machinatum
1644 740 1693 796 diu
1715 741 1763 796 do·

59 835 184 893 servatis
201 834 229 889 in
255 832 373 889 Domino
396 831 550 902 gloriatur.
578 831 689 896 Quibus
713 843 797 900 quam
823 837 884 885 stu·
938 826 1124 883 iunrtandem
1141 829 1281 899 perticere
1296 829 1403 885 trustra
1420 834 1552 885 conatur.
1574 829 1761 901 transposito

60 924 152 997 penda
166 922 340 980 reverentie
356 921 525 990 magnitudo
542 920 694 989 debeatur,
707 922 843 990 patenter
853 921 883 973 nt
938 930 1061 986 namque
1077 916 1131 972 hoc
1149 916 1313 973 adulterino
1330 917 1413 973 olavo
1427 917 1456 972 in
1468 917 1762 975 venerabilissimido·

58 1013 171 1068 aestimo
187 1010 367 1080 declaratur,
384 1009 409 1065 si
431 1024 517 1065 unum
533 1007 612 1079 quod
632 1022 692 1063 suae
718 1007 884 1063 sanctitatis
938 1005 1036 1061 minici
1062 1005 1135 1060 clavi
1166 1005 1282 1072 sacello,
1308 1006 1403 1076 ipsum
1419 1005 1579 1076 pretiosum
1596 1009 1703 1062 nostrae
1719 1021 1763 1062 re·

58 1099 204 1157 dederunt
217 1098 355 1155 indicium
375 1098 410 1153 ad
425 1098 593 1153 memoriam
606 1101 770 1152 revocetur.
788 1095 884 1151 lteris·
938 1091 1115 1163 demptionis
1132 1098 1338 1150 testamentum
1352 1094 1379 1147 in
1395 1091 1554 1163 syndonem
1572 1092 1705 1150 mundam
1720 1092 1762 1149 di·

57 1189 128 1246 sima
154 1202 277 1258 namque
302 1187 443 1258 majorum
461 1185 602 1243 relatione
624 1185 788 1255 didicimus,
814 1184 882 1255 quid
937 1179 1063 1250 ligentcr
1078 1181 1308 1253 convolvit;qu.u
1325 1181 1352 1237 in
1369 1182 1434 1238 sinu
1446 1197 1499 1238 suo
1515 1181 1760 1251 collocato,adire

58 1277 175 1348 quidam
198 1276 356 1346 religiosus
387 1275 519 1346 multum,
551 1275 681 1344 ejusdem
711 1273 884 1346 metropolis
938 1276 1022 1340 parat
1041 1269 1187 1327 dominum
1199 1270 1480 1327 suumcallecitato.
1498 1269 1554 1326 Sed
1566 1270 1762 1341 utapertein·

59 1367 226 1437 episeopus,
239 1364 305 1421 dum
322 1364 455 1420 diversas
467 1363 613 1420 hominurn
625 1364 836 1420 aestimationes
848 1364 883 1419 de
940 1358 1030 1429 telligi
1048 1360 1178 1430 daretur,
1191 1376 1275 1431 quam
1285 1361 1403 1432 speciali
1421 1361 1528 1416 amoris
1538 1360 1688 1431 privilegio
1699 1362 1765 1417 Tre·

58 1455 125 1512 istis
141 1455 253 1511 Domini
268 1452 402 1524 reliquiis
412 1453 537 1524 audiret,
550 1453 717 1509 dicentibus
732 1453 797 1509 aliis
807 1453 883 1508 tuni·
938 1448 1063 1504 vericam
1076 1449 1230 1505 ecclesiam
1243 1465 1294 1520 per
1306 1451 1421 1506 beatum
1435 1449 1580 1519 agricium
1592 1451 1760 1520 sponsatam

58 1557 120 1600 cam
133 1542 245 1599 Domini
263 1557 329 1598 esse
349 1541 564 1610 inconsutilem,
582 1540 647 1597 aliis
662 1547 755 1597 autem
776 1555 883 1613 pnrpo-
939 1535 1053 1593 Christo
1066 1535 1303 1607 amplecteretur,
1315 1537 1485 1593 miraculum
1497 1551 1524 1592 m
1537 1537 1638 1608 primis
1651 1535 1761 1593 Domini

58 1645 137 1688 roam
152 1636 265 1687 vestem
282 1644 338 1701 qua
353 1633 417 1686 erat
440 1634 571 1701 tempore
587 1629 731 1700 passionis
751 1628 880 1698 indutus,
939 1624 1089 1681 miraculis
1105 1629 1202 1680 merito
1220 1624 1368 1682 terendum
1386 1640 1419 1681 ac
1435 1625 1489 1681 toti
1513 1624 1619 1681 mundo
1645 1627 1762 1695 stupen-

58 1719 230 1792 quihusdam
242 1733 312 1775 vero
325 1719 497 1791 putantibus
509 1717 577 1775 illud
600 1717 924 1788 pignusamorisca-13
939 1713 1005 1768 dum
1021 1713 1047 1767 in
1065 1713 1128 1785 ipso
1145 1712 1354 1783 redemptionis
1383 1719 1492 1768 nostre
1508 1712 1591 1768 elevo
1607 1727 1622 1768 a
1643 1712 1761 1768 Domine

58 1808 132 1880 ligas
145 1822 210 1864 esse
226 1807 325 1865 mundi
337 1806 508 1873 salvatoris,
534 1806 600 1862 dum
622 1806 673 1862 has
695 1806 810 1876 inquam
822 1806 882 1877 opi·
938 1801 1104 1857 exhibetur.
1123 1803 1193 1857 Dum
1209 1801 1284 1856 enim
1295 1806 1396 1857 eustos
1412 1801 1461 1857 ille
1473 1800 1762 1871 pertidissimustam·
1852 1844 1854 1849 .

56 1897 160 1954 aiones
175 1897 308 1955 veritatis
318 1896 516 1968 exquisitione
527 1895 684 1966 plurimum
701 1894 882 1951 desideraret
939 1904 1023 1959 quam
1040 1890 1190 1960 transfuga
1216 1889 1386 1959 vilissimus,
1400 1890 1496 1960 pretio
1518 1889 1682 1960 iniquitatis
1696 1903 1760 1946 cor·

57 1985 239 2042 dissolvere:
262 1984 476 2041 communicato
498 1986 558 2040 tam
575 1983 676 2055 populi
701 1997 786 2053 quam
810 1981 881 2038 cleri
937 1983 1051 2050 ruptus,
1076 1983 1159 2048 terga
1173 1978 1238 2034 tldei
1255 1977 1385 2035 dedisset
1401 1978 1523 2048 ejusque
1543 1978 1699 2049 pretiosam
1715 1992 1760 2035 ar·

57 2087 110 2129 nee
127 2088 183 2130 non
195 2072 307 2131 ordinis
323 2072 484 2129 monachici
501 2070 632 2142 consilio,
648 2070 815 2127 triduanum
831 2084 883 2141 per
938 2073 1018 2129 rham
1034 2074 1070 2131 de
1083 2075 1194 2145 gremio
1210 2075 1492 2146 sponsaeTreverieae
1509 2078 1661 2145 asportare
1676 2087 1758 2145 para·

59 2166 148 2217 totam
163 2162 313 2218 civitatem
327 2161 432 2217 indixit
441 2161 592 2232 jejunium,
606 2174 711 2230 rogans
722 2160 882 2216 omneshu·
937 2167 993 2232 ret,
1011 2163 1081 2218 mira
1108 2165 1163 2219 res!
1189 2164 1308 2232 sanguis
1324 2177 1378 2219 non
1396 2161 1527 2219 modicus
1546 2163 1581 2218 de
1597 2161 1679 2219 clavo
1694 2162 1759 2232 ipso

58 2248 177 2321 militer,
188 2254 332 2320 quatenus
345 2265 359 2305 a
371 2251 429 2306 Deo
440 2252 576 2321 peterent
588 2248 773 2317 unanimiter,
786 2252 817 2304 ut
830 2263 882 2318 pcr
937 2250 964 2304 in
980 2252 1137 2320 syndonem
1150 2252 1298 2321 profusus,
1320 2252 1387 2306 item
1401 2251 1466 2307 inde
1481 2251 1508 2307 in
1521 2251 1614 2307 sinum
1631 2250 1760 2306 camisia

57 2351 138 2394 suam
156 2352 255 2410 pacem
269 2341 298 2394 et
311 2336 458 2393 licentiam
470 2336 557 2392 alicui
570 2350 605 2392 ex
617 2337 688 2407 ipsis
700 2337 772 2392 tanti
785 2350 883 2391 sacra·
937 2344 995 2394 tam
1012 2339 1120 2395 multus
1134 2340 1269 2407 manavit,
1285 2347 1314 2394 ut
1326 2340 1418 2395 omnia
1445 2339 1524 2396 illius
1548 2339 1686 2395 mierrimi
1699 2353 1761 2410 por·

57 2428 145 2482 menti
156 2425 656 2484 concederetintuentiam.Peracto
664 2425 755 2494 igitur
760 2423 880 2496 jejunio,
937 2427 1035 2483 titoris
1051 2428 1095 2482 sui
1112 2428 1225 2484 viscera
1241 2443 1349 2498 pavore
1373 2428 1573 2496 frigescerent.
1597 2427 1657 2493 Qua
1677 2428 1712 2483 ds
1728 2442 1760 2483 re

57 2513 156 2573 eleros
167 2521 196 2573 et
208 2514 334 2588 populns
343 2519 542 2572 convocantur
554 2514 582 2569 in
599 2512 714 2569 dorrium
726 2512 820 2569 sancti
832 2514 883 2568 Pe·
937 2517 1088 2585 contusus,
1104 2520 1133 2571 et
1153 2520 1265 2572 reatum
1280 2531 1362 2572 suum
1375 2521 1403 2572 et
1417 2516 1547 2586 episcopi
1564 2515 1678 2588 publice
1693 2530 1760 2572 coe·

58 2605 106 2674 tri,
124 2620 188 2676 quae
203 2604 289 2674 huius
307 2608 353 2660 est
367 2603 571 2660 conservatrix
583 2601 725 2671 thesauri,
746 2601 795 2659 uhi
808 2616 882 2658 unus
938 2604 1014 2661 titeri
1038 2608 1169 2674 coactus,
1198 2606 1276 2662 tacto
1293 2621 1358 2660 mox
1372 2604 1499 2660 omnium
1514 2608 1671 2676 conventu,
1689 2619 1761 2676 quos

57 2691 93 2748 de
107 2696 171 2749 tota
184 2692 371 2751 multitudine
382 2692 530 2764 precipue
542 2690 693 2760 religionis
708 2694 739 2745 et
753 2691 893 2760 devotio·⁴
937 2693 1095 2750 diuturnus
1114 2707 1319 2765 campanarum
1340 2694 1455 2750 sonitus
1480 2694 1612 2764 tantique
1628 2693 1760 2750 miraculi

57 2781 101 2837 nis
119 2781 276 2837 monachus
293 2780 415 2849 electus,
434 2780 581 2836 occultum
596 2779 707 2834 Domini
721 2779 838 2835 visurus
852 2783 881 2836 et
936 2796 1037 2838 rumor
1054 2782 1191 2838 insolitus
1208 2797 1259 2837 nec
1275 2782 1394 2838 auditus
1410 2796 1425 2837 a
1442 2782 1542 2838 seculo
1557 2786 1673 2853 poterat
1696 2796 1762 2838 avo

55 2869 177 2940 presuli
188 2870 438 2937 manifestaturus,
451 2867 584 2924 ardamin
595 2882 679 2940 quam
693 2867 882 2937 beatusngn'-
937 2884 1014 2940 care,
1032 2873 1144 2926 statuto
1156 2870 1184 2924 in
1200 2868 1295 2925 medlo
1307 2870 1408 2926 eodem
1420 2870 1482 2927 ture
1493 2869 1626 2938 ociando,
1638 2873 1761 2926 extenso

56 2958 120 3014 dius
131 2958 206 3014 hunc
218 2961 392 3028 reposuerat
404 2957 572 3014 thesaurum
584 2957 736 3013 reseravit.
750 2957 805 3013 Sed
816 2971 882 3012 mox
937 2972 1034 3014 coram
1048 2957 1411 3027 omnihussanguinolente
1424 2972 1519 3028 panno
1531 2958 1651 3029 ipsoque
1663 2959 1760 3014 tusone

57 3049 90 3102 ut
101 3045 282 3115 opertorium
294 3045 531 3116 introspecturus
543 3045 660 3112 levavit,
673 3044 819 3101 occultum
831 3043 880 3100 Dei
895 3071 923 3132 D
936 3046 1023 3116 huius
1037 3046 1187 3115 sanguinis
1214 3046 1414 3102 sacratissimo
1435 3045 1528 3116 clavo,
1554 3060 1608 3102 una
1623 3061 1679 3103 vox
1702 3061 1762 3103 om·
1809 3037 1812 3042 ’

54 3131 205 3203 judicium,
223 3137 325 3189 contra
337 3133 413 3204 quod
427 3133 535 3189 nullum
551 3137 596 3189 est
612 3132 775 3201 eonsilium,
788 3133 881 3190 visum
937 3135 1014 3191 nium
1027 3134 1356 3191 laudantiumslcvatnr.
1366 3133 1505 3200 Quaecum
1515 3133 1641 3204 repetita
1653 3134 1761 3205 saepius

57 3221 83 3277 ei
102 3220 209 3278 clausit
225 3221 388 3278 oculorum.
402 3222 482 3278 Unde
494 3223 601 3279 lactum
617 3222 660 3279 esi
676 3224 705 3278 ut
722 3222 881 3293 omnesqui
938 3223 1092 3279 iteratione
1104 3223 1151 3280 diu
1165 3224 1346 3294 multumque
1365 3223 1469 3280 luisset
1481 3222 1673 3293 trequemata,
1686 3236 1762 3279 oom-

58 3309 257 3382 prudcntioris
274 3309 387 3366 consilii
411 3315 441 3366 et
456 3311 579 3367 acrioris
598 3311 674 3381 apud
699 3310 780 3381 ipsos
799 3313 882 3379 erant
937 3311 1015 3367 muni
1030 3311 1156 3367 omninm
1173 3311 1221 3382 qui
1237 3311 1275 3367 ibi
1303 3311 1425 3367 aderant
1439 3309 1561 3367 consilio
1593 3310 1762 3382 prudentio-

57 3398 166 3469 ingenii
184 3412 236 3470 per
248 3398 396 3456 inductam
412 3405 495 3456 tanto
510 3400 573 3456 viro
597 3398 759 3456 cecitatem
775 3399 803 3455 in
828 3398 883 3457 hoc
938 3416 1011 3470 rum,
1028 3404 1197 3471 competens
1213 3404 1272 3456 tam
1289 3401 1437 3471 praecipuo
1453 3399 1607 3470 sacrilegio
1621 3399 1761 3470 poniten-

56 3487 107 3544 Dei
132 3487 296 3559 judicarent
328 3502 394 3544 esse
409 3487 599 3558 voluntatem,
624 3491 656 3544 ut
671 3501 825 3559 numquam
847 3487 883 3544 ad
938 3489 986 3544 tiae
1012 3489 1157 3546 sententia
1182 3488 1307 3546 initium
1324 3489 1471 3558 miserum,
1497 3485 1642 3545 medicam
1666 3491 1763 3546 eusto-

57 3575 112 3633 hoc
148 3575 346 3633 contuendum
381 3582 519 3648 peccator
554 3576 771 3646 admitteretur,
800 3576 884 3647 cuius
939 3576 1203 3648 dem,estdictata.
1216 3578 1283 3634 Dies
1309 3577 1497 3649 quoqueipsa
1520 3577 1548 3632 in
1565 3591 1621 3648 qua
1636 3577 1697 3635 haec
1713 3577 1764 3633 mi·

58 3667 196 3735 aspectus
211 3666 351 3735 necjusto
367 3665 587 3721 concederetur.
606 3665 672 3721 Post
689 3664 769 3720 illins
784 3664 883 3734 itaque
939 3666 1117 3722 serationum
1129 3667 1179 3723 Dei
1196 3667 1346 3723 nobiscum
1362 3671 1430 3724 sunt
1450 3666 1590 3724 divinitus
1603 3665 1761 3733 celebrata,

57 3752 137 3810 horae
166 3754 371 3810 transitionem
394 3767 480 3808 nemo
494 3753 681 3824 attemptavit
705 3752 792 3822 hujus
809 3765 883 3809 arcae
939 3754 967 3809 in
982 3754 1201 3824 martyrologiis
1212 3755 1310 3812 statim
1322 3760 1368 3811 est
1380 3759 1489 3826 notata,
1505 3759 1537 3810 tt
1548 3754 1687 3812 videlicet
1701 3753 1761 3812 llal.

59 3839 249 3913 apertionem.
273 3883 300 3897 ..
319 3882 325 3896 .
345 3883 351 3896 .
937 3841 1019 3897 tulii.
1039 3843 1363 3900 lluicautemiuaudtto
1376 3844 1443 3900 ticet
1460 3844 1572 3900 Domini
1590 3841 1764 3902 miraculosi

93 3966 185 4023 Unum
200 3971 296 4022 ,amen
310 3964 387 4036 quod
403 3962 483 4021 dedit
495 3964 570 4020 idem
586 3963 808 4022 clavusbomini
822 3979 884 4023 Μ
939 3930 1014 4001 quis,
1031 3930 1107 4000 quod
1125 3931 1210 3999 absit,
1228 3946 1328 3988 aurem
1346 3931 1544 4030 credulitatis¹
1560 3931 1675 4031 dubitat
1696 3946 1766 4005 prae.

58 4053 257 4124 pretiositatis
278 4052 390 4123 insigne
417 4051 535 4109 silentio
560 4051 695 4109 nolumus
720 4053 881 4126 praeterire.
939 4018 1019 4086 hm
1037 4023 1134 4089 p⁰te⁸t
1152 4018 1287 4075 adh¹¹⁰⁰t
1302 4021 1425 4077 eundem
1443 4033 1593 4091 ⁸³¹¹⁸¹¹¹¹¹¹⁸
1614 4023 1700 4077 ”⁰²³⁸
1719 4022 1769 4100 ¹¹³·

58 4141 127 4196 Nam
143 4155 208 4197 eum
220 4140 310 4196 trater
327 4140 512 4213 imperatoris
528 4141 666 4197 Ottonisl
683 4175 714 4183 -
731 4146 792 4198 tres
807 4143 883 4199 enim
939 4124 1056 4181 bflflieffl
1072 4138 1196 4197 Palmum
1212 4125 1381 4182 0²01¹¹¹d0m
1397 4124 1595 4183 williermum
1607 4125 1721 4184 ‘illlum
1737 4125 1764 4179 1¹¹

59 4229 175 4285 inerunt
193 4258 224 4268 -
239 4228 334 4285 Bruno
364 4233 497 4300 vocatus,
527 4227 663 4287 meliores
692 4229 883 4301 totharingiae
938 4212 1488 4285 d⁰m⁰⁸³11⁰tipetlbtiletfflitliillb
1506 4212 1619 4272 lidffl'e·

57 4317 256 4390 episcopatus,
285 4315 523 4388 Treverensem(

59 4405 198 4476 triensem,
216 4419 269 4463 nec
283 4421 340 4462 non
357 4405 509 4462 maximam

59 4508 109 4551 sua
125 4494 245 4553 haberet
259 4500 415 4568 potestate,
430 4509 484 4552 non
498 4495 573 4552 bono
586 4499 615 4551 ut
630 4499 711 4567 patet
721 4496 827 4566 spiritu
842 4497 884 4553 in·

58 4583 196 4653 stinctae,
213 4586 288 4642 hunc
305 4587 399 4656 ipsum
416 4585 450 4640 dc
468 4598 525 4655 utro
542 4583 688 4655 loquimur
700 4585 811 4643 testivae
827 4600 884 4642 me·

58 4671 158 4729 morie
176 4686 209 4726 ac
237 4673 342 4729 salutis
372 4679 479 4730 nostrae
510 4672 634 4744 clavum,
665 4689 720 4746 quo
740 4675 882 4747 nescitur,
938 4723 1003 4766 esse
1023 4723 1081 4764 non
1109 4713 1258 4780 putamus·
1287 4711 1355 4766 Nam
1381 4710 1485 4769 mulie,
1505 4708 1763 4782 quaedamnomine

57 4761 219 4858 transferre
233 4759 316 4829 clam,
338 4775 373 4858 ne
389 4761 482 4818 dicam
499 4763 619 4861 Ι11111111,
635 4763 761 4863 volebat.
781 4767 886 4821 Corru-
938 4798 1105 4865 mma
1120 4796 1155 4852 de
1170 4797 1289 4854 civitate
1306 4798 1428 4856 munda
1445 4814 1508 4869 qua,
1533 4799 1620 4867 ΜΟ
1644 4795 1763 4865 flagras.

58 4853 109 4921 pto
137 4848 280 4918 siquidem
305 4850 389 4917 huyne
429 4849 563 4906 domrnrcr
594 4853 722 4909 thesauri
748 4854 883 4924 custode,
942 4885 1169 4943 burchvocaym
1176 4928 1254 4941 ,,,,,

59 4935 146 4993 alium
163 4935 230 4994 huic
244 4940 303 4993 tam
318 4935 494 4995 simillimum
516 4938 585 4997 tecit
600 4941 706 5012 parari,
730 4946 759 4999 ut
776 4943 824 5000 vix
836 4949 886 5000 aut

525 4319 586 4389 5³⁹)
601 4318 715 4418 ‚muffet
742 4322 772 4375 θῑ
801 4319 884 4418 ΕΟΙῨ·
975 4353 1048 4412 iliud
1078 4356 1165 4413 etiam
1191 4346 1360 4413 festivitatis
1375 4356 1522 4427 precelse
1536 4353 1712 4427 preconium
1728 4353 1764 4412 de

526 4420 608 4477 “³⁸⁰¹
623 4409 710 4477 ¹¹¹¹J¹¹⁵
726 4413 837 4478 pamm
854 4422 881 4464 ¹¹¹
897 4428 925 4489 D
939 4442 992 4500 hoc
1012 4443 1163 4500 verissimo
1184 4443 1364 4500 infirmitatis
1386 4447 1496 4502 nostre
1514 4441 1653 4515 remedio,
1666 4457 1763 4517 quam·

939 4532 984 4589 vis
996 4547 1011 4588 a
1025 4535 1103 4590 teste
1119 4532 1298 4603 nequissimo
1313 4531 1418 4590 salutis
1432 4537 1541 4590 nostrae
1557 4533 1641 4590 hoste
1666 4545 1720 4604 per
1730 4547 1762 4589 os

939 4618 1070 4677 mulieris
1086 4621 1122 4676 ab
1150 4619 1216 4691 ipso
1244 4634 1387 4693 possessae
1411 4620 1602 4693 suscepimus,
1619 4620 1762 4679 silendum

861 5124 963 5180 NOTAE

95 5279 167 5350 (538)
183 5279 222 5334 De
246 5276 410 5358 diplomate¹
429 5293 444 5333 a
466 5276 607 5337 Silvestre
626 5294 708 5354 papa,
726 5286 756 5339 ut
773 5281 887 5340 diceba·
941 5285 1193 5355 regnopraeditnm
1205 5285 1296 5344 luisse
1324 5285 1765 5356 otestate,satisconstatsimi·

61 5355 118 5419 tur,
136 5349 205 5406 dato
222 5346 368 5419 loquitur;
383 5348 445 5406 vid.
474 5364 572 5430 supra.
722 5422 728 5433 ·
941 5354 998 5412 lem
1013 5357 1208 5414 narrationem
1233 5357 1282 5414 alii
1299 5301 1335 5415 ἕο
1350 5357 1527 5415 Theoderico
1556 5360 1676 5418 lleteusi
1704 5367 1764 5420 tra-

97 5421 167 5491 (539)
182 5419 346 5477 brunonem
371 5434 428 5476 non
451 5424 655 5496 eprscopatum
680 5423 797 5494 quadem
820 5425 887 5484 tre
941 5424 1034 5497 dunt;
1049 5443 1080 5484 v.
1097 5442 1184 5500 supra
1201 5429 1283 5487 Gest.
1302 5427 1399 5486 addit.
1419 5445 1449 5485 c.
1464 5433 1493 5487 b.

61 5503 212 5552 verentem
222 5491 363 5568 tenuisse,
385 5489 437 5552 sed
448 5505 559 5553 summo
574 5493 602 5552 in
614 5497 677 5553 toto
692 5494 887 5571 lotharingiae
