3788 6000
132 245 190 316 ’191
230 196 237 212 ·
715 241 956 314 nxxnflnltbl
978 238 1257 310 URAUGIENSIS
1777 234 1838 299 'tos

132 404 198 446 eum
214 388 316 447 sedero
327 386 362 446 ad
374 387 525 445 dexteram
542 401 633 457 suam,
648 385 697 444 ubi
714 384 790 443 llius
806 384 870 456 ejus
885 385 959 441 Thu·
971 380 1000 440 A
1016 381 1129 440 nomine
1145 380 1224 453 regis
1236 379 1280 439 sui
1292 379 1402 437 Anares
1417 379 1485 435 sunt
1499 370 1654 448 appellati;
1667 371 1776 430 deinde
1787 370 1840 429 ivit

134 479 283 536 rismodus
294 478 397 535 sedere
408 478 570 543 consuevit,
587 491 670 548 quem
683 475 784 531 Alboin
797 473 957 531 interfecit.
1013 471 1049 528 ad
1062 471 1248 543 pugnandum
1260 485 1324 528 cum
1336 468 1463 541 Gepidis.
1478 465 1533 522 Sed
1544 479 1608 521 curn
1621 462 1723 534 Gepidi
1735 464 1840 519 eontra

135 569 291 638 Postquam
313 571 408 624 autem
427 567 485 637 J'am
508 566 565 623 laeti
588 565 656 621 laeti
672 568 750 632 sunl,
766 561 960 619 Thurisindus
1013 560 1118 617 Alboin
1134 563 1301 632 pergerent,
1321 560 1431 614 Avares
1450 555 1550 613 statim
1567 555 1595 610 in
1611 557 1721 609 terrum
1737 567 1840 608 eorum

135 672 187 713 rex
212 657 315 714 ridens
341 657 560 711 interfectorem
586 653 636 708 dlii
658 653 702 708 sui
726 650 829 708 sedere
845 651 873 707 in
894 650 958 707 loco
1013 641 1841 718 intraverunt,sicuteumAlboinconstituerunt.llacdo

134 745 209 816 ejus,
226 746 284 801 alta
300 745 390 800 traxit
411 744 548 814 suspiria,
564 747 593 798 el
611 741 740 798 dolorem
756 754 840 810 quem
857 739 958 796 babuit
1013 752 1101 795 causa
1121 753 1186 795 euru
1206 736 1305 794 tristis
1329 735 1454 792 nuncius
1475 732 1589 790 veniret
1610 731 1646 787 ad
1666 729 1843 786 Gbunimuu·

146 848 163 888 n
180 835 268 890 eorde
284 834 410 906 aperuit,
427 832 546 888 disens:
560 831 709 888 deceditis
723 828 960 888 estmereslewe
1014 829 1092 895 dum,
1114 827 1163 883 ille
1183 827 1269 882 nimis
1289 826 1423 891 adlictus,
1445 821 1534 893 coepit
1549 834 1634 876 orare
1649 834 1720 875 suos
1735 822 1769 875 ut
1786 818 1843 889 pri-

133 923 200 993 iste,
211 923 406 994 radpersoae,
418 934 485 992 que
495 921 539 979 set
549 920 640 988 sedet,
651 920 780 977 matinen
788 917 961 988 minitere·
1017 931 1092 974 mum
1107 931 1172 973 enm
1189 913 1387 986 Langobardis
1400 914 1563 984 pugnarent
1578 914 1608 965 et
1622 913 1724 980 pestoa
1740 907 1778 965 ad
1795 907 1843 961 de-

133 1009 464 1068 cisestedcidcndem.
477 1011 555 1066 lunc
568 1007 643 1065 alter
654 1007 732 1065 iilius
747 1007 826 1078 regis
840 1006 962 1064 audiens
1017 1006 1168 1078 pellendos
1188 1008 1299 1062 Avares
1319 1002 1505 1074 repedarent.
1522 1000 1597 1056 lnito
1612 1003 1710 1056 autem
1727 995 1840 1069 prelio,

135 1112 286 1154 sermones
308 1099 412 1169 patris,
435 1099 476 1154 irn
497 1111 659 1154 succensus
673 1102 728 1166 est,
750 1100 780 1153 et
800 1095 963 1166 longobar-
1018 1094 1120 1151 lllboin
1145 1092 1253 1151 cecidit
1277 1090 1519 1158 Gbunimundum,
1545 1091 1574 1144 et
1599 1086 1755 1158 decapite
1780 1086 1844 1155 ejns

135 1184 188 1241 dos
204 1186 289 1244 nimis
308 1187 448 1258 injuriare
468 1185 569 1257 coepit,
590 1188 620 1241 ct
643 1184 711 1256 quia
731 1183 867 1241 fasciolas
882 1183 964 1240 albas
1020 1186 1120 1255 postea
1143 1183 1210 1239 lecit
1230 1182 1379 1254 scyphum,
1402 1179 1450 1249 qui
1466 1176 1575 1234 dicitur
1591 1176 1667 1247 apud
1682 1189 1735 1232 eos
1750 1172 1843 1239 scala,

135 1271 478 1339 babebantineruribus,
490 1273 717 1343 deridebeteos,
729 1272 847 1330 dicens:
862 1269 964 1329 Tibiae
1019 1271 1096 1342 apud
1122 1271 1239 1327 latinos
1263 1272 1374 1341 patera,
1390 1272 1418 1322 et
1436 1265 1524 1322 liliam
1543 1264 1606 1335 ejus
1626 1260 1842 1319 Rosemundam

133 1361 966 1433 ebermoettnerqeeedpedes,adsimileserliejemm·
1018 1376 1083 1417 cnm
1104 1373 1205 1430 magna
1226 1357 1412 1415 multitudine
1431 1356 1561 1413 virorum
1577 1369 1610 1411 ee
1627 1352 1786 1409 mulierum
1801 1366 1844 1408 se

134 1452 282 1510 iuuenis
291 1449 620 1523 etsetesjecientibes.
629 1451 709 1506 Tune
722 1449 843 1519 unuste
854 1450 965 1519 Longo·
1017 1465 1083 1507 cum
1096 1449 1219 1505 abduxit
1233 1447 1387 1519 captivam.
1404 1444 1506 1516 Gepidi
1517 1443 1592 1500 enim
1605 1442 1648 1498 sie
1659 1448 1729 1499 sunt
1741 1439 1842 1510 deleti,

136 1540 236 1597 bardis
250 1539 291 1596 sic
304 1539 346 1595 illi
359 1537 511 1609 respondit
523 1556 529 1592 :
541 1537 638 1609 Perae
652 1538 687 1596 in
700 1550 836 1608 eampum
850 1540 904 1609 qni
916 1550 964 1594 ee·
1019 1543 1051 1596 ut
1061 1540 1097 1595 ab
1109 1538 1159 1594 illo
1175 1543 1305 1609 tempore
1318 1536 1376 1605 jem
1389 1535 1424 1591 de
1435 1533 1495 1591 sais
1506 1547 1603 1603 regem
1618 1547 1674 1588 non
1687 1531 1842 1592 baberent.

136 1629 223 1687 ceter
239 1628 347 1701 Arselt,
364 1628 392 1684 et
407 1627 452 1685 ili
468 1627 534 1685 siae
553 1625 642 1684 delto
657 1639 828 1698 repeterem
836 1627 960 1698 poteris,
1017 1629 1165 1683 litantem
1182 1631 1296 1682 mortua
1313 1627 1358 1681 est
1374 1622 1565 1680 Glotlusuinda
1580 1620 1691 1691 regina,
1708 1619 1768 1676 tilia
1784 1619 1844 1675 Clo
1878 1692 1879 1695 Ἴ

136 1718 243 1790 quoles
258 1717 329 1774 seat
338 1717 392 1774 isti
403 1730 477 1788 qnos
489 1715 673 1787 tejmnentis
687 1715 873 1777 renitescere
882 1716 963 1774 dici·
976 1737 1003 1798 Β
1017 1716 1115 1786 tbarii,
1139 1715 1239 1772 llbein
1260 1714 1295 1770 ad
1317 1712 1468 1769 interitum
1488 1725 1581 1780 suum,
1599 1714 1631 1766 ut
1650 1709 1677 1764 in
1694 1708 1844 1779 sequenti·

135 1803 724 1877 sti,peomedepessenlcclcitrorc;idi
738 1805 963 1874 enimineenies
1019 1805 1072 1861 bus
1097 1805 1223 1871 dicetur,
1247 1802 1330 1859 duxit
1354 1799 1566 1858 liosemnndam
1592 1813 1723 1865 uxorem,
1756 1796 1842 1852 liliam

135 1894 329 1967 essese-atris
344 1894 389 1950 tet
403 1893 549 1964 disperse,
566 1893 656 1965 quest
671 1893 705 1950 de
718 1892 775 1949 cili
783 1893 919 1964 jumento
928 1894 964 1951 ie
1018 1893 1222 1950 Cbunimundi.

135 1983 244 2041 mediis
254 1970 366 2055 pratis.
385 1981 486 2054 Gepidi
502 1980 563 2037 haec
580 1981 742 2050 audientes,
759 1985 787 2037 et
805 1981 964 2052 turpitudi-
1053 1984 1132 2038 lnter
1151 1983 1213 2039 baec
1232 1980 1414 2038 lastinianus
1437 1979 1572 2050 princeps
1593 1978 1729 2034 mortuus
1743 1978 1799 2044 est,
1815 1981 1843 2030 et

138 2087 202 2129 nem
218 2076 329 2128 tentam
343 2086 398 2129 non
412 2071 600 2141 sustinentes,
614 2070 700 2126 nimis
711 2069 780 2126 irati
791 2075 869 2140 sunt,
886 2071 962 2127 etde
1016 2071 1150 2128 lustinus
1164 2071 1256 2127 minor
1268 2069 1412 2127 successit
1423 2068 1447 2123 ei
1460 2067 1495 2124 ad
1508 2067 1663 2137 regendam
1681 2065 1844 2122 Constanti-

138 2165 196 2217 tam
209 2162 361 2218 manifesta
373 2160 476 2232 iniuria
489 2159 680 2216 sevindicare
691 2159 857 2216 voluerunt.
875 2161 964 2216 Eeon·
1018 2159 1157 2231 nopolim.
1178 2160 1257 2231 Apud
1274 2173 1369 2229 quem,
1384 2164 1515 2229 utsupra
1532 2157 1745 2227 scriptumest,
1763 2168 1843 2210 aceu-

140 2253 183 2306 tra
201 2250 381 2321 longobardi
402 2251 437 2306 ad
456 2263 579 2321 pugnam
596 2264 628 2305 sc
645 2253 846 2320 preparantes,
864 2262 964 2306 omnes
1019 2254 1101 2304 satus
1122 2250 1228 2304 ll'arscs
1249 2247 1401 2318 patricius,
1420 2260 1503 2316 quem
1520 2245 1585 2301 loco
1601 2243 1730 2300 bilisarii
1746 2242 1782 2299 ad
1799 2243 1843 2299 de-

137 2339 395 2410 apprehenderunt
408 2337 531 2408 gladios.
545 2337 962 2406 liexverosurgensnmense,
1020 2336 1178 2393 tensionem
1204 2336 1294 2393 ltaliae
1320 2335 1396 2391 misit
1422 2335 1581 2405 imperator
1605 2330 1801 2397 iustinianus,
1818 2331 1841 2385 in

138 2427 166 2484 iu
183 2427 310 2484 medium
334 2426 450 2484 illorum
472 2441 505 2482 se
528 2426 615 2496 misit,
637 2430 668 2481 et
687 2439 755 2482 suos
775 2425 811 2480 ab
832 2424 873 2481 ira
888 2439 965 2482 eom·
1019 2424 1176 2481 vindictam
1189 2424 1302 2494 injuriae
1313 2441 1372 2481 sum
1383 2424 1458 2481 misit
1469 2422 1625 2493 legatosad
1637 2420 1843 2489 Longobardos

139 2513 263 2587 pescuit,
279 2516 392 2585 jurans,
410 2528 442 2570 se
458 2514 539 2572 illum
560 2513 706 2584 occidero,
723 2512 771 2583 qui
788 2513 900 2584 primus
916 2528 965 2570 an·
1020 2513 1128 2570 altrices
1140 2529 1216 2584 snos,
1228 2513 1328 2570 dicens
1339 2532 1345 2566 :
1357 2509 1843 2582 DimittitepenpertetcmPanno·

138 2603 221 2660 deret
235 2617 357 2675 pugnam
370 2602 565 2660 committere.
578 2603 658 2657 Dixit
669 2601 744 2658 enim
758 2602 844 2660 :Nea
853 2602 965 2659 catilla
1018 2605 1086 2673 nic,
1099 2602 1234 2660 sternite
1244 2603 1422 2676 adserlilem
1432 2603 1569 2670 Italiam,
1580 2598 1719 2657 omnibus
1730 2598 1843 2656 dir-itiis

136 2692 266 2750 victorie
280 2704 299 2749 e
314 2693 372 2747 Dee
384 2691 514 2762 placite,
535 2703 601 2748 cem
614 2690 684 2763 qais
697 2691 732 2746 ia
746 2690 829 2746 dente
840 2691 965 2762 proprie
1018 2692 1145 2763 plenam.
1157 2693 1191 2747 Et
1201 2696 1231 2749 nt
1243 2691 1461 2748 animoseorum
1472 2687 1792 2762 ampliusineitaretad
1803 2702 1844 2740 m-

138 2778 516 2850 inimieemseremiepeec
529 2779 696 2851 susceptam
708 2778 859 2836 occiderit.
877 2779 910 2834 lit
920 2768 965 2835 sic
1022 2779 1168 2848 uiendum,
1187 2779 1507 2836 misiteisdeomnibus
1521 2777 1678 2848 generibus
1694 2789 1842 2848 pomorum

138 2881 210 2939 pace
224 2867 369 2923 intereos
384 2867 470 2936 lacta,
489 2866 593 2922 iterum
609 2865 660 2921 leti
675 2865 837 2923 convivium
853 2866 963 2923 ineunt.
1021 2863 1844 2938 etquiequiddelectabilepoteratrexeogitarededivitiis

140 2953 292 3025 completo
312 2954 456 3024 convivio,
477 2954 670 3011 thurisindus
690 2969 741 3010 rex
761 2953 870 3012 tollens
886 2969 966 3011 arms
1023 2960 1119 3013 ten-ae.
1140 2955 1321 3026 borngebardi
1338 2956 1399 3012 baee
1415 2955 1578 3024 audientes,
1595 2957 1751 3024 gratanter
1766 2966 1844 3008 aece-

139 3041 192 3098 tllii
208 3042 252 3100 sui
269 3042 464 3113 Thurismedi,
484 3042 605 3100 tradidit
624 3057 658 3099 ea
677 3040 792 3114 Alboin,
808 3048 839 3099 et
853 3043 964 3101 salvum
981 3091 1006 3156 C
1023 3047 1127 3117 perant
1139 3049 1169 3100 et
1180 3044 1306 3115 qualiter
1317 3045 1393 3100 irent
1406 3049 1645 3116 preparaverunt.
1660 3044 1694 3098 Et
1705 3040 1843 3097 coutinuu

132 3131 220 3191 illum
239 3132 266 3188 in
283 3146 354 3204 pace
370 3132 489 3189 dimisit.
508 3132 612 3189 Alboin
628 3146 698 3188 vero
713 3146 850 3189 reversus
865 3132 901 3188 ad
918 3148 966 3205 pa·
1022 3133 1098 3206 apud
1123 3132 1236 3189 ltaliam
1261 3138 1460 3205 apparuerunt
1484 3133 1565 3202 signa
1582 3131 1611 3187 in
1627 3131 1712 3200 caelo,
1733 3129 1844 3187 scilicet

136 3227 215 3278 trem
226 3236 322 3291 suum,
336 3221 457 3277 corrriva
469 3221 531 3290 ejus
543 3222 702 3277 lactusest.
716 3222 751 3277 Et
762 3221 830 3276 dum
842 3222 876 3277 ad
890 3236 967 3281 men·
1021 3221 1113 3291 igneae
1125 3221 1211 3290 acies,
1230 3221 1397 3291 sauguinem
1412 3222 1577 3290 humanum,
1594 3219 1643 3290 qui
1658 3225 1762 3291 postea
1778 3218 1843 3274 etin·

142 3323 203 3365 sam
225 3325 289 3364 enm
310 3314 393 3380 patre
414 3324 467 3365 suo
489 3308 616 3378 sederet,
634 3308 709 3364 dixit
729 3307 770 3362 illi
791 3310 967 3380 omniaque
1022 3326 1073 3367 sus
1085 3314 1141 3378 est,
1156 3309 1363 3379 significantes.
1380 3308 1484 3365 Alboin
1499 3309 1590 3379 igitur
1605 3307 1688 3379 petiit
1704 3306 1843 3364 auxilinm

144 3398 302 3455 circaeam
320 3398 394 3453 lacta
412 3401 491 3468 sunt,
508 3400 536 3453 et
552 3411 652 3453 omnes
668 3397 717 3466 qui
733 3397 852 3454 aderant
870 3399 968 3454 ammi·
1022 3401 1058 3456 ab
1079 3399 1206 3470 antiquis
1227 3398 1390 3455 saxonibus
1409 3399 1510 3454 amieis
1531 3397 1602 3467 suis,
1627 3401 1658 3454 nt
1682 3396 1842 3468 spaciosam

144 3491 253 3554 rantes,
271 3485 427 3542 laudabant
445 3484 547 3542 Alboin
565 3500 616 3556 pro
631 3484 752 3542 audacia
765 3500 817 3543 sua
828 3487 968 3544 ethuri·
1022 3487 1132 3544 ltaliam
1145 3488 1269 3544 intraret
1281 3503 1346 3543 eum
1359 3487 1467 3544 multis.
1483 3487 1533 3543 Cui
1544 3488 1674 3542 Saxones
1684 3485 1842 3557 plusquam

143 3573 257 3630 sindum
275 3587 328 3645 pro
344 3572 394 3629 tali
411 3573 468 3629 ilde
483 3573 615 3630 maxima.

180 3661 228 3718 llis
242 3661 426 3732 temporibus
440 3661 622 3719 iustinianus
636 3661 795 3733 imperator
808 3664 966 3721 Romanum
1022 3670 1080 3722 tem
1096 3681 1161 3722 eum
1178 3664 1318 3722 uxoribus
1332 3670 1363 3721 et
1378 3664 1446 3721 ltliis
1462 3664 1572 3721 ltaliam
1586 3679 1652 3720 cum
1668 3677 1705 3720 co
1721 3664 1843 3719 intrare

142 3751 264 3821 regebat
291 3749 454 3821 imperium,
482 3750 529 3820 qui
552 3765 603 3821 per
624 3749 787 3808 bilisarium
813 3752 967 3824 patricium
1023 3758 1099 3812 runt.
1123 3756 1152 3810 ln
1174 3755 1237 3826 ipso
1258 3759 1388 3825 ternnpore
1407 3753 1510 3810 Alboin
1536 3752 1715 3810 Pannoniam
1736 3750 1842 3809 dimisit

144 3838 252 3895 multas
264 3838 403 3895 victorias
416 3838 638 3909 perlectam-es
650 3840 968 3910 renovavit,aeeclesias
1023 3843 1114 3899 llunis
1133 3841 1234 3900 amieis
1254 3842 1325 3907 suis,
1347 3856 1379 3898 ea
1399 3841 1578 3911 conditione,
1599 3843 1631 3898 ut
1647 3839 1670 3898 si
1688 3837 1843 3910 aliquando

143 3927 301 3999 reparavit,
319 3926 475 3998 basylicam
492 3941 618 3999 quoque,
636 3942 720 4000 quam
739 3928 779 3985 Ad
797 3932 903 4001 Agyam
919 3932 968 3987 Se·
1023 3931 1220 4001 Longobardis
1235 3932 1342 3987 reverti
1361 3946 1481 3988 necesse
1495 3934 1584 4000 esset,
1598 3928 1803 4001 unusquisque
1817 3926 1842 3982 iu

143 4017 257 4087 phuam,
272 4015 299 4071 id
312 4018 358 4072 est
370 4022 500 4072 sanctam
513 4015 696 4088 sapientiem,
709 4017 867 4089 nominant,
880 4019 968 4075 labri·
1022 4035 1074 4077 sua
1085 4020 1203 4076 rediret.
1218 4020 1426 4077 llabitaverunt
1437 4025 1533 4077 autem
1543 4017 1727 4088 Longobardi
1737 4017 1767 4074 in
1776 4018 1844 4074 Pan·

141 4104 234 4171 cavit;
250 4104 335 4175 eujus
355 4119 428 4177 opus
445 4104 473 4161 in
491 4109 604 4161 tantum
625 4120 714 4177 super
733 4107 827 4163 omnia
843 4106 966 4164 aedibeia
1022 4109 1106 4165 uenia
1118 4124 1170 4180 per
1182 4124 1272 4164 arruns
1284 4111 1326 4164 ta.
1340 4108 1480 4164 Exierunt
1491 4122 1561 4163 vero
1573 4107 1608 4163 de
1620 4104 1842 4162 Pannoniarum

141 4192 335 4250 excellentius
345 4192 512 4264 estimatur,
524 4197 556 4250 ut
566 4193 850 4251 intantisterrarum
860 4195 968 4267 spaciis
1023 4197 1195 4254 mulieribus
1211 4202 1239 4253 ot
1256 4196 1324 4254 liliis
1338 4202 1368 4254 et
1383 4213 1448 4254 cum
1463 4196 1598 4253 omnibus
1614 4195 1689 4266 suis,
1707 4208 1784 4253 anuo
1798 4192 1843 4249 do·

140 4282 276 4339 sisimile
297 4297 352 4339 non
373 4282 548 4340 inveniatur.
570 4283 646 4339 Tunc
666 4283 741 4339 enim
761 4283 964 4355 Cassiodorus,
1022 4281 1844 4357 nxiniuaeinomnutienissos,indictioneprima,secundo

141 4370 296 4435 llionisius‚
324 4374 431 4427 Aralor
459 4372 557 4427 Rornae
584 4371 765 4440 claruerunt,
797 4371 966 4429 Priscianus
1022 4376 1069 4432 die
1088 4379 1153 4446 post
1173 4376 1289 4447 paseba,
1311 4375 1387 4446 (qnod
1407 4379 1538 4433 sanctum
1559 4373 1668 4446 paseha
1684 4378 1757 4430 tune
1772 4371 1844 4429 cele

142 4458 395 4600 tlonstantinopolli
408 4457 517 4525 llornit,
530 4464 778 4530 sanctusquoque
790 4459 966 4518 Benedictus
980 4456 1007 4518 ll
1023 4465 1137 4521 bratum
1162 4468 1209 4520 est
1231 4463 1257 4519 iu
1282 4463 1354 4536 ipsis
1378 4462 1514 4520 liniendis
1539 4462 1655 4535 Aprilis.
1681 4462 1733 4519 llis
1757 4461 1843 4533 igitur

141 4545 302 4604 virtutibus
318 4547 375 4603 ell'u
390 4547 438 4602 sit.

1022 3582 1185 3634 currrlOiloG
1197 3576 1289 3646 jnncti
1310 3581 1389 3642 sunt,
1404 3579 1432 3632 ct
1449 3576 1609 3632 seeundum
1628 3574 1694 3644 ejus
1714 3574 1843 3632 volunta-

1022 4553 1135 4621 diebus,
1153 4554 1258 4625 quibus
1271 4553 1450 4622 bongobsrdi
1464 4553 1633 4609 invaserunt
1643 4551 1770 4620 ltaliam,
1785 4547 1844 4607 Glo-

180 4634 270 4705 lgitur
286 4635 398 4692 Audoin
415 4638 550 4692 mortuus
564 4640 619 4705 est,
632 4638 662 4693 st
675 4635 788 4707 Alboin,
805 4637 881 4696 iilius
892 4639 964 4710 ejus,

141 4738 263 4795 regnum
284 4724 407 4796 accepit.
428 4724 481 4790 Qui
499 4739 564 4782 eum
578 4730 657 4781 esset
672 4726 922 4785 nominatissimus
936 4735 966 4786 et

142 4812 227 4870 iortis
252 4811 386 4882 multum,
413 4811 580 4870 Gletbarius
605 4827 656 4869 rex
678 4813 854 4871 Francorum
879 4815 965 4873 liliam

142 4915 224 4959 suam
244 4901 360 4959 nornine
379 4900 581 4958 Glutsnindam
602 4902 681 4959 dedit
697 4902 724 4959 ei
745 4902 772 4958 in
786 4904 987 4976 conjuginm·

141 4989 178 5047 de
193 5005 249 5061 qua
267 4990 337 5049 iecit
353 5004 439 5047 unam
458 4993 572 5048 tantum
594 4990 682 5047 liliam
701 4991 817 5048 nomine
833 4992 967 5051 Albsniu·

142 5075 217 5134 dam.
232 5081 348 5138 interea
364 5082 499 5137 mortuus
514 5082 560 5137 est
574 5079 766 5138 Thurisiudus
782 5094 832 5137 rex
845 5082 954 5154 Gepido

143 5178 217 5235 rum,
238 5173 269 5223 et
285 5167 399 5240 accepit
423 5182 544 5239 regnum
567 5167 796 5226 chunimundus.
823 5169 876 5237 Qui
901 5186 965 5228 euru

142 5251 232 5311 vellet
251 5255 401 5313 vindicare
422 5257 543 5328 injurias
563 5257 749 5332 Gepidorum,
772 5258 850 5330 rupit
865 5275 964 5330 pacem

142 5355 206 5397 cum
232 5343 440 5415 longobardis,
461 5350 490 5402 et
507 5345 574 5418 plus
598 5347 705 5404 amavit
731 5361 854 5419 pugnam
880 5363 964 5419 quem

163 5441 253 5486 seem.
273 5430 376 5488 Alboiu
387 5433 536 5491 verolecit
547 5449 646 5508 pacem
662 5436 771 5492 lirmam
786 5451 850 5493 eum
868 5437 967 5495 Avari-

165 5531 198 5574 us
214 5518 262 5591 qui
278 5518 401 5592 primum
425 5522 498 5579 lluui
525 5524 705 5583 vocabantur
728 5526 778 5584 sed
802 5530 904 5599 postca
929 5526 965 5583 de

1021 4642 1135 4698 tbarius
1146 4658 1194 4698 rex
1207 4644 1380 4698 Francorum
1390 4645 1587 4711 mortuuscst,
1596 4641 1843 4712 relictisquatuor

1022 4731 1098 4800 liliis,
1112 4731 1276 4799 lleribcrlo,
1290 4731 1488 4800 Guntmmmo,
1502 4730 1668 4802 llelperico,
1682 4730 1839 4801 sigiberto.

1022 4821 1051 4875 ln
1072 4819 1127 4874 lnce
1146 4824 1277 4890 tempore
1298 4821 1453 4876 Romanam
1476 4821 1598 4889 regebat
1615 4818 1783 4877 {ecelesiam
1802 4817 1843 4872 vir

1021 4910 1151 4976 sanetus,
1165 4921 1236 4979 papa
1250 4908 1406 4976 lebannes,
1423 4912 1488 4981 post
1502 4923 1587 4979 quem
1601 4907 1786 4966 Benedictus
1803 4907 1843 4964 ci·

1022 4994 1141 5052 vitatem
1152 5000 1249 5052 autem
1266 4995 1427 5066 Aquileiam
1442 5002 1473 5052 et
1487 4996 1627 5068 populum
1642 4997 1709 5069 ejus
1725 4997 1841 5068 regebat

1022 5085 1125 5141 lleatus
1142 5083 1306 5157 patriarcba
1322 5082 1438 5141 Paulus.
1455 5085 1509 5152 Qui
1523 5084 1627 5142 timens
1638 5085 1842 5143 crudelitatem

1022 5172 1287 5243 lerngobnrdorum,
1313 5187 1349 5229 ex
1373 5173 1505 5244 Aquileia
1526 5173 1562 5230 ad
1583 5173 1707 5232 insulam
1733 5172 1841 5233 Gradus

1021 5261 1154 5329 secessit,
1167 5266 1196 5317 et
1208 5275 1320 5318 onmem
1336 5262 1506 5319 thesaurum
1521 5261 1666 5320 scelestae
1676 5278 1739 5322 sum
1750 5266 1841 5337 porta·

1021 5349 1194 5406 utinenses
1214 5349 1312 5421 itaque
1328 5349 1363 5407 de
1380 5351 1534 5422 campania
1555 5353 1675 5409 Romam
1696 5366 1838 5420 reuersus,

1022 5443 1086 5510 pest
1099 5453 1155 5495 non
1167 5439 1288 5496 multum
1301 5443 1417 5512 ternpus
1427 5444 1561 5499 mortuus
1570 5446 1626 5499 est.
1639 5439 1730 5512 Cuius
1739 5454 1840 5515 corpus

1021 5526 1160 5586 incontra
1176 5526 1390 5600 plumbearum
1406 5529 1542 5590 omnibus
1557 5529 1668 5590 diuitiis
1683 5529 1747 5591 sois
1757 5528 1839 5592 eollo
