3788 6000
45 152 122 216 1857

543 139 781 207 CHRONICON
795 139 830 204 S.
851 139 1034 204 Huesbrt
1050 138 1247 204 ANDAGIN.

47 331 183 391 altarium
197 328 339 403 personis,
350 326 480 383 habenda
492 325 518 380 in
530 327 704 396 perpetuum
716 322 869 378 conflrma-
882 304 912 367 Α
927 324 948 378 rt
959 321 1113 392 privilegio
1126 320 1202 378 facto
1213 319 1344 390 ejusdem
1356 319 1531 376 donationis,
1545 320 1748 379 Abbnsautem

48 422 89 477 rit
106 420 183 477 beati
201 417 323 474 liuberti
340 415 472 472 ecclcsiae
498 414 527 468 in
544 413 697 468 Arduenna
713 411 777 467 sitae
795 409 865 479 (bit).

49 511 106 567 Neo
123 508 215 565 multo
231 511 297 576 post
322 503 451 575 reposita
467 507 512 558 est
541 499 674 556 ecclesie
691 497 870 555 laudunensi

50 597 225 656 vicissitudo
241 594 328 663 buius
343 591 508 648 donationis
531 591 566 645 eb
581 587 707 646 ecclesia
726 587 802 641 breti
818 589 873 642 llu-

51 687 139 754 berti‚
151 683 286 741 videlicet
295 681 471 738 bibliotheca
485 694 538 736 une
550 676 748 734 totiusveterir
765 678 794 731 et
816 690 873 731 iovi

53 773 232 832 testamenti.
251 772 329 828 Hanc
345 784 361 826 a
378 769 494 826 domino
510 765 673 824 Gisleberte
688 765 876 820 novitercon·

53 863 192 933 scriptam
210 860 369 917 Elinandus
392 857 525 930 pontifex
539 870 604 911 curn
630 853 756 910 Jesfriuo
773 851 876 909 Parisi-

53 946 413 1022 censiepiscopodofonia
428 945 546 1002 rediens
562 948 590 1000 et
607 943 642 998 ad
658 956 712 998 nos
727 940 876 997 divertens

54 1039 137 1110 vidit,
154 1044 183 1095 et
201 1037 390 1094 laudantibus
409 1048 471 1090 eam
488 1032 604 1089 clericis
620 1031 681 1087 suis
697 1029 876 1099 concupivit,

53 1129 248 1198 donatamque
263 1125 319 1181 sibi
338 1125 364 1180 in
390 1123 485 1194 gratia
514 1119 653 1193 specialis
680 1124 711 1174 et
729 1120 878 1188 perpetuae

55 1217 190 1274 amicitie
208 1217 284 1271 inter
297 1213 453 1270 ecclesiam
475 1211 689 1266 laudunensem
704 1209 732 1262 et
750 1212 879 1262 nostram

55 1306 196 1379 optinuit.
230 1305 293 1360 fuit
316 1306 412 1358 autem
428 1301 453 1356 ei
483 1313 568 1357 cnusn
585 1298 619 1353 ad
636 1311 688 1352 nos
714 1294 878 1351 divertendi

57 1382 881 1467 qnasicnjcsdamjocosi”eventusmirncuftnunierat

58 1485 148 1539 abbas
157 1480 353 1539 Theodericus
365 1483 521 1548 utrumque
533 1474 699 1548 pontificem
711 1487 762 1545 per
778 1472 880 1528 lloium

57 1571 184 1629 transire
203 1576 231 1627 ut
249 1569 396 1626 Coloniem
412 1568 495 1638 irent,
514 1563 669 1634 missisque
686 1563 720 1617 ad
738 1575 789 1617 eos
804 1560 881 1615 litte-

927 411 993 465 dnta
1007 410 1233 466 commutatione
1245 408 1466 480 prebendarum
1479 409 1584 464 ibidem
1597 408 1679 479 prius
1690 422 1750 465 ser·

928 496 1076 550 vieutious
1100 494 1227 564 clericis,
1256 509 1291 548 ex
1318 507 1465 549 censensu
1495 494 1591 547 domni
1621 495 1750 549 danesse

929 582 1084 637 Remorum
1102 581 1248 652 pontilicis
1270 595 1322 652 pro
1337 580 1380 636 eis
1406 581 1563 636 monachos
1577 594 1646 635 suos
1661 581 1689 636 in
1705 595 1753 638 eo-

931 670 995 726 dem
1025 669 1090 724 loeo
1116 668 1272 725 substituit
1296 672 1313 723 8
1339 667 1441 724 fdus²⁷
1458 669 1588 738 ciusdem
1617 670 1683 725 anni
1699 668 1749 739 (V.

934 758 1044 815 fdeod.
1064 773 1089 813 e.
1106 761 1150 828 1.)
1175 757 1243 812 Cum
1262 757 1290 812 iu
1317 756 1466 827 gallicinio
1493 759 1589 827 gratis
1614 756 1756 812 orationis

933 847 1057 903 intraret
1081 847 1156 901 idem
1177 848 1268 903 abbas
1292 848 1445 902 ecclesium
1471 845 1547 901 beati
1571 846 1671 902 flilurii
1688 847 1754 917 (6⁶2),

933 936 1092 1006 contigitin
1104 950 1138 990 ea
1149 936 1300 991 candelam
1313 934 1591 1004 divinitusaccendi,
1601 936 1688 991 utubi
1700 916 1757 991 cf'a·

934 1033 1014 1080 reret
1030 1025 1184 1080 advenisse
1213 1024 1302 1080 libum
1319 1023 1403 1090 lucis,
1421 1027 1486 1079 ante
1500 1021 1584 1092 cujus
1601 1026 1756 1080 adrentum

935 1113 1041 1168 ibidem
1058 1111 1107 1167 lux
1122 1111 1252 1169 coelestis
1267 1112 1396 1168 emicuit.

972 1206 1013 1258 td.
1031 1204 1100 1274 (11.)
1128 1202 1291 1277 Praedictus
1317 1216 1431 1272 quoque
1454 1203 1586 1273 pontifex
1614 1203 1759 1260 llanesses

936 1291 1042 1347 duetus
1057 1291 1151 1359 gratie
1179 1291 1310 1360 religiosi
1326 1292 1450 1362 aboatis,
1467 1306 1503 1347 ex
1517 1307 1659 1349 consensu
1674 1293 1759 1350 oleri·

936 1394 1037 1436 coruus
1053 1380 1185 1435 ecclesie
1201 1380 1353 1436 ltcnreusrs
1369 1381 1461 1436 altare
1473 1384 1550 1438 beati
1566 1383 1666 1438 Hilarii
1684 1382 1760 1453 quod

937 1476 984 1526 est
1002 1469 1030 1524 in
1056 1467 1212 1539 Guislicco,
1238 1484 1303 1525 cum
1328 1474 1441 1539 capella
1469 1472 1637 1543 Guarcensi‚
1668 1475 1761 1528 altare
1842 1470 1848 1480 '

938 1561 1025 1615 etiam
1042 1566 1150 1615 sanctae
1166 1559 1261 1614 llariae
1277 1561 1304 1614 iu
1317 1560 1464 1616 Noviando
1479 1563 1535 1632 (63)
1551 1576 1638 1634 super
1655 1563 1762 1620 blesam

1609 112 1779 204 'rme'
1860 177 1861 182 κ

58 1661 100 1716 ris
115 1658 262 1715 mandarit
281 1662 310 1713 ut
330 1671 381 1728 per
406 1654 558 1711 ecelesiam
577 1651 653 1707 beati
672 1649 792 1706 liuberti
807 1648 924 1730 redi-B
940 1649 1021 1704 dedit
1035 1649 1165 1704 ecclesie
1181 1649 1274 1704 sancti
1290 1649 1422 1720 liuberti,
1436 1655 1465 1706 et
1480 1653 1609 1708 exclusis
1621 1653 1647 1706 in
1661 1667 1764 1724 perpe-

59 1755 137 1807 rent.
157 1748 276 1804 bitteris
291 1751 388 1802 autem
404 1743 527 1816 perditis
541 1742 569 1797 in
586 1743 678 1810 beuga
694 1753 757 1811 quae
774 1738 882 1795 dieitur
940 1746 1021 1796 tuum
1038 1739 1206 1794 eorumdem
1235 1739 1371 1795 alterium
1388 1741 1531 1811 personis,
1558 1743 1663 1797 donum
1680 1757 1762 1798 sunm

58 1839 129 1895 llala
144 1837 221 1893 iuter
236 1835 338 1891 lloium
355 1839 385 1889 et
403 1832 552 1899 leodium,
567 1844 632 1885 eum
647 1834 713 1899 post
730 1827 882 1883 duodecim
940 1825 1249 1898 legtimisprivilegiis
1259 1829 1376 1898 pubnce
1388 1830 1510 1884 incuset
1522 1831 1690 1886 inconciriis
1702 1831 1764 1887 suis

62 1928 122 1985 fere
138 1926 201 1984 dies
217 1923 371 1996 pontifices
385 1921 516 1977 redirent
529 1933 579 1990 per
590 1918 719 1973 eamdem
734 1917 819 1985 riam,
835 1915 885 1970 ob·

61 2016 128 2073 tulit
144 2015 188 2072 eis
210 2014 304 2070 viator
330 2011 446 2081 quidem
476 2010 590 2064 noviler
619 2007 751 2061 inventas
779 2003 884 2060 ibidem

60 2106 177 2160 easdem
189 2101 313 2158 littores.
327 2099 369 2154 llli
380 2105 476 2155 autem
490 2112 544 2153 non
557 2096 620 2152 sine
633 2092 886 2150 mirucutodirinae

63 2182 886 2260 voluntatissecumreputantesreieventum,nullomodo

63 2283 312 2353 praesumpserunt
335 2277 563 2350 pretermittere
578 2273 694 2330 abbatis
709 2272 885 2328 mandatum.

63 2369 218 2426 Venientes
230 2382 300 2423 vcro
315 2366 405 2422 abbas
416 2363 627 2421 officiosissima
641 2360 827 2434 processione
840 2374 887 2415 ex·

64 2461 153 2532 oepit,
167 2473 217 2533 per
235 2457 352 2513 biduum
370 2460 503 2511 retentos
518 2453 670 2509 affluenter
690 2451 804 2521 refecit,
818 2465 889 2522 prae·

64 2549 189 2606 scutatis
208 2548 286 2603 inter
302 2544 500 2616 prandendum
517 2543 551 2598 ad
565 2542 672 2611 jocund
686 2544 777 2596 tatem
792 2540 886 2595 ammi·

66 2645 193 2695 rentium
203 2635 301 2706 carpis
311 2633 333 2665 ²⁰
344 2638 374 2689 ct
387 2632 517 2704 piscibus
529 2648 543 2686 r
556 2631 610 2689 ris.
624 2632 729 2686 Postea
740 2629 890 2699 digressos

65 2727 249 2798 impensibus
265 2722 397 2779 ecclesiae
414 2722 571 2777 llosomum
593 2733 684 2790 usque
699 2719 802 2775 deduci
819 2733 892 2790 prae-

65 2817 154 2887 cepit,
172 2814 284 2885 gratias
300 2815 420 2881 agentes
436 2812 491 2865 beo
507 2824 559 2880 pro
575 2815 695 2880 experta
711 2807 844 2878 caritate,
862 2812 892 2863 et

940 1916 1101 1985 recognitis
1119 1916 1316 1970 confirmavit.
1337 1918 1463 1986 Contigit
1487 1925 1656 1975 autemnon
1673 1923 1764 1975 multo

940 2013 1017 2077 post,
1035 2011 1066 2059 nt
1093 2004 1230 2060 ddeladie
1248 2020 1319 2060 uxor
1343 2008 1455 2062 arnulfi
1472 2010 1539 2079 (od),
1563 2024 1647 2065 soror
1667 2018 1764 2067 sutem

941 2096 1021 2150 Ebelr
1034 2095 1213 2163 boemensis,
1231 2095 1367 2150 defuncta
1381 2097 1407 2150 in
1420 2095 1543 2153 introitu
1555 2100 1689 2157 ecolesiae
1703 2115 1762 2156 ver-

941 2197 993 2239 sus
1004 2183 1166 2238 claustrum
1182 2184 1372 2253 sepeliretur3
1385 2185 1533 2242 Monaeses
1545 2201 1659 2260 quoque
1676 2192 1767 2247 t'ratcr

942 2278 1073 2349 ejusdcm
1086 2274 1197 2334 Arnulfl
1216 2271 1315 2331 divino
1326 2273 1443 2343 flagello
1460 2276 1655 2347 compellente
1671 2294 1767 2336 mona·

942 2370 1014 2427 ebus
1028 2368 1161 2437 effeetus,
1183 2371 1212 2422 et
1229 2371 1294 2438 post
1321 2366 1394 2421 iufra
1411 2381 1537 2424 mensem
1565 2374 1699 2427 mortuus
1715 2370 1768 2425 ibi-

943 2460 1008 2515 dem
1020 2463 1228 2529 apponeretur.
1245 2458 1333 2511 Erant
1348 2464 1490 2527 praeterea
1508 2464 1634 2527 quatuor
1650 2461 1766 2535 iratres,

945 2548 1081 2604 videlicet
1090 2547 1206 2617 liugoet
1220 2545 1392 2615 ludovicus,
1402 2547 1563 2603 Roderious
1576 2553 1605 2604 et
1614 2552 1766 2624 itiquinus,

946 2637 997 2692 filii
1013 2637 1158 2692 liicbezon
1172 2651 1186 2690 s
1205 2650 1241 2689 tx
1258 2635 1395 2704 biegarde
1411 2637 1497 2692 aurite
1516 2641 1626 2694 arnulfi
1643 2642 1769 2699 comitis.

946 2729 1052 2783 florum
1069 2741 1142 2783 unus
1168 2726 1310 2795 unnus
1326 2726 1362 2781 ab
1390 2727 1571 2784 lleribrando
1600 2731 1769 2789 Bulionensi

947 2817 1117 2874 interfectas
1127 2817 1162 2871 ad
1172 2823 1260 2887 ceput
1269 2815 1416 2886 praedictae
1429 2819 1614 2875 ndeladisest
1624 2823 1768 2892 sepultus.

67 2895 890 2978 probatninloeoeodemnobilietveuerabilireligione,
949 2905 1103 2974 uincerga
1127 2904 1222 2960 tonum
1253 2903 1321 2959 tacit
1350 2904 1559 2961 devotioreser
1588 2911 1773 2967 appulsuseg

71 3006 155 3064 quam
172 2990 227 3045 nisi
243 2988 337 3045 oculis
358 2987 539 3058 probassent,
557 2985 637 3042 nullo
654 2986 749 3055 modo,
768 2989 799 3041 ut
813 2998 894 3040 asse·
908 3023 934 3088 G
949 2999 1072 3066 nepotes
1085 2993 1158 3064 ejus,
1176 2999 1298 3065 nepotas
1316 2994 1430 3064 quinem
1446 3011 1499 3068 pro
1515 2999 1604 3055 ream
1620 3014 1672 3055 suo
1685 2999 1772 3056 dede-

72 3081 187 3148 rebant,
204 3075 612 3134 narrantibuscredidissent.
950 3090 1019 3141 runt
1034 3082 1167 3140 ecclesie
1194 3083 1331 3153 quioquid
1348 3084 1493 3141 habebant
1508 3088 1584 3157 apud
1599 3088 1727 3145 linaium
1744 3097 1773 3148 et
1838 3132 1843 3138 -

107 3172 148 3224 11.
167 3167 235 3237 (in.)
253 3167 333 3219 Anno
362 3163 449 3219 Verbi
479 3162 621 3217 incarnati
649 3160 895 3233 rort,rbitippns
951 3174 1161 3241 Cernetunr,et
1191 3181 1324 3242 quartam
1353 3179 1465 3244 partem
1493 3175 1591 3245 pontis
1617 3192 1681 3247 quae
1710 3184 1774 3235 crat

73 3257 160 3312 etium
173 3269 223 3310 rex
234 3255 408 3308 Francorum
420 3251 457 3305 ab
468 3249 682 3307 codemabbnte
694 3256 824 3322 rogetus,
837 3266 897 3307 orn·
950 3276 1051 3319 eorum
1065 3260 1142 3333 apud
1166 3259 1314 3316 Gabelium
1331 3262 1403 3331 (611);
1419 3262 1559 3320 iti-nulfus
1582 3280 1651 3321 xero
1666 3273 1775 3338 praeter

74 3359 124 3403 nes
137 3342 266 3414 capellas
277 3341 345 3396 Novi
359 3339 487 3410 Castelli,
501 3340 580 3410 quod
590 3343 659 3396 tune
671 3344 800 3411 tenebat,
810 3341 896 3398 metri
952 3351 1055 3410 cellam
1081 3350 1239 3418 Pirensem,
1266 3364 1351 3419 quarn
1367 3355 1398 3407 ut
1423 3352 1591 3409 dictumest
1618 3356 1704 3412 beato
1721 3359 1776 3415 llu-

74 3448 134 3491 suee
150 3431 282 3489 eeclesiae
299 3431 392 3486 beate
404 3429 499 3486 llnriae
512 3443 575 3498 que
587 3436 634 3486 est
645 3430 673 3484 in
688 3431 896 3488 Eberneicorte
954 3443 1037 3498 perro
1053 3440 1224 3510 donaverat,
1252 3440 1363 3495 remisit
1389 3441 1415 3495 in
1443 3450 1616 3513 perpetuum
1641 3447 1776 3505 ecclesie

75 3520 243 3592 recognovit
255 3525 284 3575 tl
295 3518 552 3589 reddidit,easque
563 3518 715 3590 privilegio
728 3535 787 3579 suae
799 3524 898 3583 aucte
954 3530 1124 3589 exectiones
1140 3528 1277 3600 quasdam
1289 3530 1325 3584 ab
1337 3529 1445 3599 iniquis
1457 3532 1600 3590 ministris
1612 3541 1777 3594 antecesso-

76 3611 173 3666 ritatis
193 3624 258 3665 oum
278 3607 418 3679 predicta
440 3605 513 3662 cella
529 3607 661 3664 eeclesiae
678 3608 757 3664 beati
773 3609 853 3665 Petri
869 3613 898 3665 et
954 3635 1018 3678 rum
1032 3633 1150 3676 suorum
1168 3619 1244 3690 apuu
1266 3618 1414 3676 capellum
1433 3624 1519 3678 rebus
1536 3625 1645 3680 nosrpjs
1661 3626 1777 3698 imppp.

77 3698 154 3756 beati
172 3695 660 3754 Hubertibabendasconfirmarit.
955 3715 1001 3767 tas
1028 3709 1228 3766 fraudulenter
1254 3713 1284 3765 et
1314 3709 1431 3781 injuste,
1462 3713 1575 3770 scilieet
1604 3718 1640 3772 10
1667 3718 1778 3775 modios

10 3794 12 3801 ’
112 3810 154 3862 ω·
173 3803 242 3875 (23.)
261 3808 340 3860 Anno
358 3801 443 3856 pergi
461 3801 604 3857 moal-„321
620 3803 699 3872 1068,
716 3803 837 3860 Arnum,
852 3819 901 3863 00.
956 3813 1054 3855 evenae
1075 3812 1220 3855 mensure
1244 3804 1362 3870 nostre,
1385 3806 1513 3857 etunnm
1538 3807 1777 3878 carratamfoeni,

77 3894 138 3950 miti
156 3890 339 3948 Cbiniecensi
355 3889 411 3961 (110)
427 3903 464 3945 ex
489 3889 663 3960 patrimonio
692 3905 745 3948 suo
761 3906 902 3962 provene-
957 3887 1079 3943 alteram
1095 3901 1164 3942 vero
1189 3888 1348 3957 straminis,
1366 3903 1429 3958 quae
1455 3890 1648 3961 exigebantur
1663 3895 1698 3950 ed
1715 3912 1780 3967 pas-

78 3988 123 4039 rat
139 3979 213 4038 cella
228 3978 367 4036 ricensis.
387 3977 441 4044 Qni
458 3977 528 4035 lieet
540 3979 667 4050 juvenis,
682 3981 789 4038 duetus
803 3986 900 4037 tamen
958 3976 1081 4033 cendum
1090 3989 1196 4047 equum
1204 3974 1331 4044 comitis,
1342 3979 1563 4046 quatuordeeim
1573 3982 1659 4037 etiam
1671 3987 1779 4053 garbas

78 4071 187 4145 optima
203 4069 277 4124 fama
288 4073 318 4123 et
329 4080 427 4123 amore
438 4066 608 4123 Theoderici
619 4070 744 4139 abbatis,
758 4075 902 4127 attractus
956 4064 1082 4122 culturae
1108 4064 1332 4135 indominicatae,
1361 4070 1474 4136 septem
1502 4072 1603 4139 spelte
1623 4076 1652 4126 et
1667 4080 1779 4144 septem

78 4161 296 4230 etiampropter
308 4155 425 4226 optime
437 4153 585 4225 religionis
596 4157 902 4229 odoremsepufturam
959 4168 1068 4222 avenae,
1078 4167 1141 4223 quse
1153 4151 1297 4208 dabantur
1308 4153 1445 4224 scabinis,
1458 4161 1487 4210 et
1502 4146 1779 4231 villicodeputatum

80 4263 161 4305 suam
173 4248 280 4302 ibidem
291 4245 484 4314 constituere,
493 4245 756 4314 praefatamcellem
768 4246 904 4305 ecclesie
960 4258 1047 4301 unuin
1060 4241 1186 4298 modium
1203 4241 1349 4297 frumenti.
1365 4243 1531 4300 Pontenarir
1546 4262 1662 4321 quoque
1675 4267 1740 4308 cnm
1754 4254 1780 4308 in

17 4406 21 4411 .
82 4335 159 4395 beati
177 4335 255 4392 Petri
272 4336 301 4389 et
327 4333 404 4389 beati
420 4333 541 4388 liuberti
571 4340 714 4406 perpetuo
742 4336 904 4393 habendam
960 4330 1781 4405 transponendadecimainjuriarenturministroseccte-

81 4422 215 4496 legaliter
230 4421 359 4492 donavit,
377 4421 487 4478 addens
497 4428 526 4477 et
543 4424 680 4494 quiequid
692 4425 769 4482 inter
782 4429 905 4484 bierbais
919 4382 946 4444 D
961 4424 1022 4492 siae,
1035 4421 1170 4477 ⁰¹0¹i01'sss
1181 4420 1667 4506 garbasviotemerrapientessmr,
1678 4450 1781 4509 agente

81 4520 109 4571 et
128 4513 245 4571 fanium
261 4511 318 4583 (dt)
344 4510 388 4568 sui
404 4515 468 4569 emt
481 4510 568 4584 iuris,
586 4519 618 4571 ut
632 4512 721 4573 latius
737 4519 906 4575 continetur
961 4512 1140 4568 The⁰f¹0fi⁰⁰
1157 4511 1316 4582 preposito
1332 4512 1359 4568 1¹¹
1376 4517 1456 4572 curia
1472 4517 1549 4575 beati
1567 4523 1686 4583 liuberti
1705 4547 1782 4589 man-

760 4616 878 4674 111111
899 4617 1097 4677 1110110118.

117 4708 139 4743 ¹³
153 4707 276 4764 iocundi
290 4719 435 4778 superem.
452 4706 495 4763 vel
508 4707 603 4776 jocosi
619 4713 643 4768 l.
700 4712 723 4744 ²⁰
735 4715 846 4786 capris.
867 4718 909 4774 1·.
968 4714 990 4750 ²²
1005 4726 1109 4772 nomen
1121 4712 1333 4772 ntemisdeest.

119 4875 329 4959 (111))1111111111Ξ
355 4874 549 4947 Pugniccurt,
573 4878 610 4934 M
621 4880 736 4952 diossfle,
759 4882 905 4958 Procnen.
997 4882 1051 4954 (6³)
1069 4882 1212 4945 Gutlteis,
1241 4881 1345 4954 Wcrcp
1365 4897 1456 4954 propo
1472 4885 1620 4959 llaccrias,
1638 4893 1782 4956 Neorion.

85 4948 256 5018 Prcvcom,
269 4949 473 5019 despetionem,
486 4950 703 5022 lectantemrt,
720 4956 904 5013 lianliccurt.
960 4955 1132 5013 scr-Mense.
1152 4953 1336 5021 Privilogrunr
1360 4955 1513 5011 ediderunt
1529 4960 1655 5019 llnrtcue
1671 4972 1699 5020 rt
1717 4970 1783 5028 [tur.

87 5021 332 5075 ledonntrcncst
351 5024 572 5093 rapporteepnr
596 5021 755 5095 Bertbolet,
774 5026 847 5082 liist.
867 5028 906 5084 du
966 5027 1038 5082 Coll.
1062 5025 1154 5094 Ampl.
1173 5026 1192 5092 l,
1220 5027 1280 5091 199,
1311 5029 1452 5080 datrnna.
1487 5033 1563 5100 t07b,
1582 5044 1631 5089 scd
1661 5037 1784 5098 ultorum

87 5091 223 5148 [ΝΜ
242 5091 288 5160 ¹¹¹2
305 5090 384 5145 361³·
405 5161 409 5172 ,
966 5111 1048 5169 prms
1063 5104 1162 5153 dutum
1178 5099 1328 5151 exstitisse
1344 5104 1471 5167 oportet,
1485 5116 1549 5157 nam
1563 5119 1599 5159 ex
1615 5108 1670 5162 line
1681 5115 1787 5183 capitis

114 5163 178 5242 Ι(111))
197 5161 312 5241 t'dinp.⁸
332 5162 471 5216 Conntem
485 5162 521 5217 de
544 5163 649 5218 Warelr
664 5163 792 5237 appellat
807 5173 910 5225 auctor
964 5171 1088 5241 apparot
1103 5168 1164 5221 brec
1179 5174 1261 5234 gesta
1277 5180 1345 5221 esse
1361 5175 1428 5225 ante
1443 5177 1575 5245 tempore
1589 5177 1716 5239 lleinrioi
1732 5199 1768 5258 ep

88 5232 160 5289 Vitae
176 5239 201 5302 3,
217 5237 250 5288 37
266 5233 313 5288 ubi
329 5231 391 5288 baec
409 5234 536 5289 breviter
552 5237 655 5304 tangit.
821 5285 822 5289 ,
966 5238 1146 5306 scodrensis,
1164 5236 1211 5307 qui
1229 5237 1304 5293 sedit
1320 5255 1346 5293 c,
1363 5243 1523 5301 ropgpppp
1775 5229 1781 5243 ·

123 5303 181 5385 (111)
196 5302 334 5361 Maricio
345 5307 373 5359 ct
385 5305 511 5363 lietera.
526 5305 645 5363 littere
656 5307 822 5367 donationis
838 5311 906 5369 sd.
1001 5312 1058 5382 (61)
1076 5308 1153 5365 Com.
1171 5307 1379 5367 Cbrniacensrs.
1397 5344 1430 5357 --
1446 5316 1583 5377 Roscium
1599 5325 1644 5379 est
1660 5324 1777 5403 husay

87 5372 176 5433 edite
190 5378 257 5431 sunt
274 5374 303 5430 in
324 5373 396 5432 coll.
414 5375 508 5448 ampl.
525 5376 547 5446 l,
562 5378 615 5435 tte
630 5383 660 5435 et
674 5379 702 5436 in
718 5380 908 5454 lliraei‘dpp„
966 5379 1001 5437 ad
1018 5383 1155 5437 Axonam.
1780 5374 1788 5404 ’

88 5445 227 5590 bipelffiln,
241 5447 313 5575 5101th
324 5515 418 5584 Hm
1001 5452 1058 5524 (115)
1074 5451 1181 5525 dignm
1196 5449 1347 5524 desiere,
1361 5454 1457 5517 dicet.
1477 5459 1510 5519 R.
