3788 5992
75 132 134 207 sel

512 134 734 206 CHRONICA.
750 176 790 189 -
805 128 1043 207 CHRONIGON
1063 134 1343 207 universate.
1719 141 1780 213 000

183 279 319 338 anemis
332 283 360 335 t.
380 276 531 350 0666606,
549 275 602 335 sed
620 274 784 336 educatore
796 275 945 351 pesteaA
1064 292 1157 350 usqne
1177 278 1212 334 sd
1227 277 1407 335 Hierusalem
1428 285 1633 350 pervenerunt.
1651 284 1779 355 cumque

186 349 366 409 detonarent.

177 426 188 448 *
206 424 236 477 Α.
249 421 398 493 00666660
408 417 587 475 :Gotefridus
598 418 672 489 (278)
685 419 742 474 dux
751 420 902 488 ceterique

185 489 902 560 initinereetstudiesupradicteconsociati,eum

186 565 271 619 00666
293 568 379 634 66606
408 560 602 624 discederent,
616 560 681 630 plus
698 576 783 630 quam
799 564 904 617 ³00be

185 639 363 690 armatorum
394 631 554 687 habebant.
585 630 619 684 Et
649 631 717 687 00660
733 631 795 687 066
821 634 902 686 06606

184 703 341 761 660000606
358 702 523 759 universam
552 702 718 757 Rernauiam
747 714 902 772 occupare,

186 775 304 831 flumina
335 779 466 845 epotare,
504 777 620 841 segetes
641 787 741 827 ornnes
771 785 826 828 una
857 771 904 826 die

186 846 345 916 depascere
371 847 483 914 posset,
502 846 582 898 tanta
612 847 706 897 lernen
723 841 904 913 plenitudine

185 915 326 972 conduxit
345 912 589 971 vitaenecessaria
604 914 689 981 0666,
705 919 736 968 60
762 914 797 968 06
813 912 904 968 660606

186 1001 332 1055 nummus,
350 985 386 1041 de
411 984 483 1039 bove
503 984 550 1039 vix
569 983 722 1038 duodecim
739 983 905 1053 acciperen-

184 1063 243 1114 tur.
270 1058 407 1112 Preterea
423 1054 489 1110 etsi
505 1053 650 1124 principes
671 1057 700 1109 et
713 1068 797 1122 reges
807 1053 905 1109 Serra·
940 1095 942 1100 .

185 1141 322 1185 6666666
335 1131 437 1182 666066
453 1138 504 1179 666
524 1128 727 1192 surrexerunt,
736 1125 793 1179 fleo
807 1126 904 1178 tamen

185 1197 303 1254 uolente
313 1195 397 1252 faeile
409 1194 479 1251 60600
490 1197 518 1250 60
530 1194 779 1250 66666066006660.
789 1193 831 1248 00
843 1193 903 1249 066

186 1269 285 1339 itaque
311 1265 438 1323 feliciter
459 1268 522 1321 acta
539 1264 737 1336 6606660066
760 1265 904 1320 intumue-

186 1344 264 1407 runt,
280 1337 415 1418 opposuit
433 1336 568 1392 6060666
594 1335 784 1405 Antiochiam,
802 1335 903 1391 urbem

185 1410 319 1464 bumarus
347 1408 460 1463 viribus
490 1405 754 1476 inexpugnabilem,
775 1405 823 1461 600
847 1419 904 1484 666

187 1492 290 1536 66666
318 1492 433 1533 666666
456 1477 598 1533 dedentes
616 1476 643 1532 in
660 1475 810 1532 obsidione
826 1489 903 1543 epus·

188 1550 252 1605 dem
269 1548 375 1605 006666
402 1547 575 1615 humiliavit,
594 1552 625 1603 60
649 1547 743 1602 66606
757 1546 902 1617 superbiae

187 1617 303 1676 illorum
316 1623 413 1675 temer
423 1616 582 1674 desideret.
595 1617 688 1687 igitur
699 1618 741 1673 sic
752 1617 795 1673 eis
811 1617 902 1673 humi·
917 1624 944 1685 Β

188 1689 285 1755 106066,
302 1694 333 1746 60
358 1689 386 1745 06
402 1693 464 1744 0606
481 1689 613 1743 exercitu
630 1688 678 1743 vix
699 1692 817 1743 centum
834 1687 902 1743 boni

187 1760 256 1831 6660
270 1761 481 1831 reperirentur,
494 1759 609 1829 aperuit
623 1760 699 1814 0666
714 1759 826 1829 666066
842 1773 902 1814 666

189 1830 402 1887 benedictionis
416 1834 445 1885 60
458 1826 677 1898 misericordiae,
695 1842 804 1898 666666
821 1828 848 1883 06
864 1829 903 1884 60-

188 1901 306 1957 6006066
322 1899 447 1970 induxit,
478 1903 567 1971 atque
594 1899 721 1954 fburcos
747 1905 902 1955 eteorum

188 1971 283 2028 emnia
304 1967 626 2075 66066060606666100
643 1969 756 2026 tribuit.
775 1970 903 2040 Cumque

188 2047 217 2098 et
233 2042 295 2098 066
316 2041 350 2075 ⁸⁰⁸
366 2041 448 2111 quasi
465 2040 577 2096 6060066
593 2038 654 2095 6606
670 2039 813 2111 666606006
828 2040 904 2096 6000-

189 2117 302 2182 nerent,
325 2114 487 2180 6660666,
512 2111 560 2181 660
575 2110 619 2166 606
634 2108 679 2142 ¹⁸⁰⁶
694 2110 755 2166 066
774 2109 903 2167 6660606-

190 2188 235 2238 660
253 2181 665 2252 dignemagniflcarent,tanta
677 2181 902 2237 sarracenorum

189 2226 903 2321 multitudineobsessisunt,utdecivitatenullus

188 2337 225 2378 ex
254 2328 334 2380 tanta
351 2325 437 2380 turba
460 2322 559 2404 egredi
589 2321 730 2378 auderet.
764 2323 902 2377 Preterea

189 2393 279 2450 fames
295 2394 457 2450 incivitate
485 2398 525 2448 ita
541 2395 741 2462 convaluerat,
758 2395 788 2447 60
805 2392 853 2448 606
867 2392 903 2447 60

189 2463 323 2521 0666606
339 2465 463 2536 dapibus
473 2479 504 2520 ss
520 2462 609 2534 aliqui
623 2463 817 2518 continerent.
834 2461 903 2518 bon·

189 2548 256 2660 666
271 2542 314 2592 660
327 2549 465 2591 66666666
493 2534 625 2590 60666066
641 2547 705 2604 666
728 2532 756 2587 06
783 2532 902 2588 60600606

203 2618 281 2661 6666.
298 2605 468 2677 Respiciens
485 2611 581 2660 autem
596 2604 733 2660 0660666
753 2602 901 2675 6666066,

189 2680 348 2747 6666066
365 2676 413 2732 006
428 2673 636 2745 flagellaverat,
664 2674 786 2744 benigne
802 2688 891 2729 censo

189 2746 277 2816 latur,
295 2760 328 2802 66
343 2747 435 2817 primo
451 2746 533 2815 quasi
555 2759 608 2817 pro
633 2745 836 2800 satisfactione
854 2744 904 2799 tri·

189 2815 348 2872 bulationis
363 2818 492 2872 lanceam
510 2831 602 2886 suam,
618 2829 673 2895 666
696 2815 723 2870 06
738 2830 827 2872 66666
842 2815 903 2871 vul-

189 2892 311 2943 neratus
326 2892 387 2957 est,
405 2901 509 2942 66666
526 2901 582 2941 666
605 2901 696 2942 visum
726 2901 741 2942 6
770 2889 903 2956 ternpore

187 2958 400 3029 apestolorum,
421 2957 526 3082 plignns
550 2956 681 3013 victoriae
698 2955 757 3012 illis
773 2955 902 3021 obtulit;
919 2973 943 3039 (r,

189 3027 294 3085 deinde
324 3029 412 3084 cerda
447 3028 574 3084 ominum
600 3028 671 3082 adue
697 3026 844 3096 animavit,
872 3032 904 3083 60

189 3097 258 3167 00006,
275 3099 382 3170 660066
396 3099 532 3168 egritudo
549 3097 594 3153 660
620 3097 709 3152 06666
736 3096 904 3152 660606600

189 3169 268 3226 60666
284 3171 490 3238 denegaverat,
508 3182 585 3222 arma
599 3165 720 3223 sumend
735 3171 765 3222 et
778 3167 904 3222 viriliter

190 3244 290 3296 eontra
303 3239 404 3298 hostes
415 3238 716 3294 dimicandivirtutem
725 3236 903 3294 infunderet.

188 3310 302 3367 Deinde
317 3324 383 3368 eum
413 3309 600 3380 triumphatis
623 3308 757 3364 06600066
785 3308 858 3362 fame
874 3311 903 3364 60

190 3379 270 3437 tedio
283 3382 434 3437 exereitus
446 3379 583 3435 deficeret
595 3378 766 3448 Antiochiae,
781 3378 904 3435 maxime

191 3456 311 3575 prepter
345 3450 506 3507 discordias
533 3450 706 3521 principum,
740 3448 768 3504 in
794 3449 904 3520 Syriam

190 3522 324 3591 precati,
338 3521 454 3577 066666
469 3528 499 3576 60
514 3520 646 3590 066666,
669 3520 757 3576 66066
773 3519 906 3575 Sarrace-

190 3605 303 3660 nerum,
320 3596 572 3670 expugnaverunt,
589 3595 619 3646 et
639 3588 759 3646 castella
776 3590 904 3660 regionis

189 3662 392 3718 obtinuerunt.
418 3660 600 3732 0666666οἰ
629 3674 738 3715 meram
753 3659 905 3731 disposue-

190 3739 269 3799 runt,
278 3736 359 3789 tauta
374 3733 463 3787 fames
475 3732 502 3786 in
514 3730 647 3787 exercitu
660 3730 724 3800 fuit,
737 3735 770 3785 ut
781 3744 904 3801 corpora

189 3803 416 3858 sarracenerum
426 3803 484 3873 jam
497 3802 650 3858 fetentium
667 3814 682 3856 a
708 3800 816 3880 populo
830 3801 905 3856 ebri-

189 3873 285 3929 600666
301 3878 429 3930 6666606
442 3874 510 3928 sint.
524 3871 632 3928 Deinde
644 3885 709 3927 eum
725 3870 823 3927 divine
833 3876 905 3927 nutu

190 3943 218 3998 in
241 3943 381 4000 interiora
407 3944 558 4016 llyspaniae
575 3941 832 4022 progrederentur,
850 3942 906 4021 lar-

187 4013 334 4083 gissimam
351 4020 438 4084 60666
453 4014 671 4071 606660666066
682 4017 712 4068 60
727 4011 906 4068 6060666606-

188 4084 288 4140 60666
305 4099 420 4140 manum
449 4084 657 4156 omnipotentis
680 4083 776 4139 Patris
806 4097 905 4139 seeum

188 4153 362 4211 babuerunt.
374 4156 486 4211 Etenim
503 4158 583 4211 cives
598 4159 627 4210 60
642 4153 795 4209 castellani
812 4154 905 4223 regie·

188 4226 233 4282 606
248 4224 328 4283 000066
339 4240 390 4297 666
402 4240 486 4307 6666
504 4225 712 4298 precedebant,
725 4222 761 4280 60
776 4238 828 4280 666
839 4239 904 4280 oum

189 4295 289 4352 multis
302 4296 432 4354 donariis
444 4297 557 4366 legates
592 4295 801 4363 6660060660,
810 4295 904 4366 666600

190 4366 301 4424 6666066
314 4368 455 4438 60666006
467 4382 518 4423 666
531 4313 665 4423 reddere.
679 4366 733 4421 Sed
747 4366 905 4435 quiaexer·

189 4437 266 4494 citus
280 4452 336 4494 non
350 4441 457 4494 multus
469 4441 532 4493 erat
549 4443 579 4494 60
594 4437 623 4492 in
640 4434 819 4492 Hierusalem
836 4449 905 4492 una-

187 4507 306 4564 nimiter
323 4509 511 4579 festinabant,
536 4506 666 4578 acceptis
682 4506 901 4576 securitatibus,

186 4579 361 4635 tributaries
373 4593 422 4635 ees
435 4579 577 4648 fecerunt,
592 4578 699 4650 quippe
710 4592 775 4634 cum
792 4591 847 4632 666
867 4577 903 4633 06

185 4646 903 4721 civitatibus,quaeinmarilimisillissunt,plurcs

186 4718 902 4791 heminesbaberet,quaminexercitucbristiane

187 4790 321 4847 fuissent.
333 4792 461 4861 Cumque
474 4791 603 4848 auditum
614 4795 695 4847 esset
706 4788 901 4845 0606600660

186 4860 328 4917 Laodiciae
343 4866 372 4918 et
384 4862 490 4931 Rebas,
504 4861 570 4933 qula
583 4875 684 4917 manus
695 4859 840 4915 06606066
856 4863 901 4914 660
943 4867 957 4920 ii

185 4945 250 4989 eum
267 4946 310 5003 666
324 4931 373 5003 660
385 4932 528 5003 abierant,
548 4931 646 5005 plures
661 4931 697 4988 de
706 4929 838 4985 exercitu
853 4929 917 5000 660,
951 4934 957 4947 ·

186 5001 226 5058 000
238 5003 378 5060 remansit
392 5003 542 5061 consecuti
555 5006 623 5060 sunt
635 5016 685 5060 ees
697 5003 773 5074 apud
785 4994 917 5072 Tyrum!

1066 349 1095 404 in
1110 348 1261 405 obsidione
1274 349 1353 405 illius
1368 348 1489 405 multum
1502 349 1649 408 laboraret
1668 357 1780 413 exerci-

1067 424 1122 490 tus,
1140 421 1260 475 maxime
1278 425 1397 491 propter
1410 434 1493 491 6666
1510 421 1653 492 inopiam:
1679 426 1778 482 babite

1065 489 1199 558 concilio,
1222 489 1352 561 episcopi
1368 495 1397 545 ct
1413 491 1563 562 principes
1581 493 1778 552 circinandam

1065 575 1129 617 6666
1145 561 1292 617 606006066
1305 560 1391 617 66006
1404 561 1527 631 6600066
1541 562 1777 636 predicaverunt,

1066 636 1096 687 60
1113 631 1172 701 0006,
1191 633 1239 702 660
1262 631 1562 703 prelrominibuseam
1575 633 1603 688 in
1615 633 1779 693 bumilitate

1065 702 1216 771 ingressus
1232 707 1288 771 660,
1305 717 1357 773 per
1378 700 1571 758 bumilitatem
1588 703 1708 760 istorum
1726 721 1777 777 pre

1066 785 1098 827 66
1113 773 1148 827 60
1169 772 1311 841 judicium
1326 772 1360 827 06
1375 773 1437 828 6606
1452 771 1586 829 06600066
1616 775 1777 834 faciendum

1067 841 1125 897 illis
1141 857 1203 898 eam
1216 841 1352 913 aperiret.
1367 842 1503 899 Placatus
1516 844 1614 915 006666
1625 846 1779 904 0660660-

1067 912 1188 968 00600666
1198 912 1344 981 0660666,
1355 917 1459 968 660666
1472 918 1535 984 6660
1548 914 1778 974 burniliatienem

1067 982 1176 1038 illorun
1189 982 1441 1040 diecivitatemeis
1451 984 1582 1054 tradidit,
1596 1000 1630 1041 ee
1642 987 1779 1045 videlicet

1067 1053 1113 1108 die
1129 1053 1342 1124 quoprimitiva
1354 1053 1487 1110 66606606
1503 1055 1569 1110 0606
1582 1056 1695 1124 abjecta
1712 1060 1776 1130 fnit,

1066 1137 1132 1180 eum
1149 1124 1254 1181 festum
1284 1124 1320 1180 06
1336 1123 1518 1194 dispersione
1547 1127 1746 1195 apestolorum
1763 1143 1778 1183 a

1067 1193 1168 1250 multis
1181 1194 1317 1251 fidelibus
1327 1193 1504 1250 celebratur.
1516 1197 1697 1254 0606600066
1709 1214 1778 1256 6666

1067 1264 1106 1319 000
1123 1265 1248 1334 66666006
1271 1264 1340 1335 6600
1370 1270 1466 1320 66066
1494 1264 1543 1332 600,
1561 1267 1585 1321 60
1613 1268 1678 1338 6606
1692 1284 1778 1325 66666

1066 1335 1174 1405 666600,
1186 1337 1259 1392 sciat
1270 1336 1337 1406 6606
1350 1334 1377 1389 06
1390 1336 1503 1406 porticu
1513 1338 1779 1406 quaedieitursale·

1065 1406 1159 1462 66606
1178 1413 1208 1462 60
1222 1408 1250 1462 06
1265 1404 1375 1478 066606
1389 1407 1452 1476 ejus
1466 1406 1593 1462 victores
1606 1409 1776 1478 equitabant

1065 1477 1250 1546 insanguine
1273 1476 1497 1533 sarracenerum
1529 1492 1619 1547 66666
1635 1479 1670 1533 60
1683 1493 1776 1548 genua

1064 1560 1215 1617 equorum.
1228 1546 1337 1603 lleinde
1358 1562 1423 1603 cum
1440 1547 1605 1604 ordinatum
1621 1554 1711 1620 esset,
1729 1552 1777 1621 qui

1066 1617 1214 1674 civitatem
1236 1617 1363 1674 retinere
1375 1617 1553 1686 debuissent,
1571 1622 1600 1674 et
1615 1617 1663 1674 alii
1680 1635 1778 1677 amore

1065 1687 1213 1758 66060660
1241 1688 1349 1760 6060606
1367 1693 1517 1758 66666066
1546 1703 1665 1745 suorum
1681 1691 1778 1748 redire

1063 1757 1237 1821 voluissent,
1263 1758 1431 1813 nunciatum
1442 1763 1485 1813 est
1498 1757 1551 1828 eis,
1565 1759 1642 1828 6660
1662 1774 1713 1816 rex
1730 1763 1778 1816 fla-

1066 1828 1241 1885 bilenierunr
1254 1828 1561 1885 06660666666606660
1572 1843 1637 1886 eum
1650 1830 1778 1888 innume-

1065 1899 1149 1955 rabili
1184 1899 1371 1955 rnultitudine
1410 1913 1598 1969 paganorum,
1634 1899 1778 1959 ducturus

1065 1969 1191 2026 Francos
1203 1970 1251 2040 660
1275 1969 1474 2025 0006666600606
1488 1973 1570 2024 66660
1584 1971 1611 2025 06
1628 1973 1779 2042 666006006-

1065 2044 1164 2095 temet
1183 2055 1218 2095 ex
1243 2044 1404 2109 ugnalurus
1416 2039 1607 2110 Antiochiam,
1625 2041 1777 2115 sicutipse

1065 2109 1194 2173 dixerat:
1208 2056 1294 2165 affiter
1304 2114 1399 2166 66066
1411 2109 1548 2166 0660666
1560 2111 1595 2166 de
1609 2111 1655 2168 bis
1669 2116 1779 2171 statue-

1064 2185 1119 2235 rat.
1128 2182 1305 2283 ltaquecum
1318 2179 1512 2236 0666600606οῑ
1521 2180 1778 2249 660006666600606

1064 2255 1149 2306 erant
1172 2305 1180 2318 ,
1195 2249 1227 2320 ⁰⁷,
1244 2251 1405 2306 exercitum
1427 2250 1644 2307 babiloniorum
1661 2254 1778 2310 Ascalo·

1062 2321 1117 2377 niae
1131 2336 1206 2391 esse,
1222 2321 1437 2377 contenderunt
1449 2321 1563 2376 obviam
1576 2321 1635 2377 illis
1666 2325 1778 2382 relictis

1063 2392 1187 2448 sarcinis
1202 2396 1231 2447 60
1248 2390 1369 2445 infirmis
1386 2391 1446 2446 suis
1471 2391 1500 2445 in
1515 2366 1696 2449 0066666066
1711 2409 1776 2451 666

1064 2460 1776 2542 presidio.Cumqueexercitusberumetbostium

1065 2532 1778 2604 seclrcumspsxrssent,christiauigenibusllexis

1063 2599 1152 2659 0666
1169 2603 1351 2671 0666666660,
1373 2607 1402 2658 60
1420 2602 1467 2672 660
1480 2603 1507 2658 06
1519 2602 1583 2658 60006
1594 2605 1776 2662 necessitati-

1065 2674 1119 2730 bus
1131 2673 1193 2730 6606
1205 2673 1295 2743 legem
1304 2672 1529 2729 christianorum
1541 2674 1774 2748 666066666660,

1065 2743 1093 2798 06
1111 2744 1240 2816 66666600
1261 2743 1346 2815 06006,
1358 2743 1516 2800 6660666006
1527 2745 1640 2800 6060066
1653 2760 1778 2817 pagano·

1065 2829 1127 2871 rum
1142 2820 1172 2871 60
1193 2813 1300 2869 0060600
1329 2828 1449 2882 regnum
1474 2814 1580 2871 curisti
1592 2820 1622 2871 et
1636 2818 1777 2875 66606606

1064 2900 1079 2941 6
1093 2886 1165 2941 mari
1177 2858 1311 2956 usquead
1319 2899 1397 2941 mare
1406 2886 1774 2956 usquequaquedilataret.

1064 2955 1122 3012 066
1138 2969 1233 3021 mera;
1255 2955 1451 3011 clamantibus
1468 2956 1503 3011 ad
1533 2971 1563 3012 se
1576 2958 1654 3013 0666
1683 2959 1775 3024 affuit,

1065 3033 1153 3106 atque
1168 3029 1267 3082 tantas
1287 3025 1417 3081 6606606
1438 3025 1515 3082 60666
1540 3027 1725 3099 ministravit,
1745 3036 1775 3086 60

1066 3111 1114 3167 qur
1130 3110 1182 3152 eos
1198 3097 1225 3151 06
1245 3097 1359 3152 bostem
1373 3110 1494 3152 currere
1519 3096 1643 3167 videret,
1668 3099 1775 3156 fontem

1065 3181 1148 3235 6666
1159 3167 1232 3223 60666
1243 3167 1389 3224 sitientem
1406 3180 1524 3222 eervum
1537 3182 1654 3236 segnem
1666 3170 1777 3239 adjudi-

1065 3241 1162 3302 caret;
1180 3238 1252 3293 miro
1268 3236 1405 3293 videlieet
1417 3237 1511 3307 mede,
1528 3251 1593 3294 666
1606 3238 1634 3293 06
1645 3241 1776 3299 exercitu

1066 3307 1225 3364 christiane
1254 3322 1310 3363 non
1336 3307 1401 3378 plus
1429 3322 1514 3433 3666
1542 3309 1670 3381 6606666
1699 3311 1777 3368 60006

1065 3377 1196 3449 6660066
1225 3380 1253 3433 60
1277 3382 1363 3434 10000
1392 3392 1427 3449 66
1450 3379 1523 3435 0066
1555 3381 1779 3451 060666606006

1066 3450 1199 3505 exercitu
1224 3449 1351 3504 0660066
1369 3454 1485 3504 666066
1511 3450 1588 3505 inilia
1602 3451 1733 3521 equitum
1748 3457 1777 3508 60

1066 3523 1171 3575 000000
1186 3519 1316 3591 6600066
1331 3533 1394 3575 6666
1411 3519 1588 3590 potuissent.
1600 3523 1678 3578 Tune
1694 3522 1779 3579 mira·

1067 3590 1133 3646 bilis
1144 3591 1173 3647 in
1184 3590 1277 3646 666606
1288 3589 1350 3646 6606
1362 3590 1590 3661 beusapparuit,
1605 3606 1681 3662 eum,
1699 3599 1778 3649 ante-

1067 3675 1151 3731 quam
1174 3661 1375 3731 confligerent,
1393 3676 1445 3733 pro
1461 3659 1523 3717 sele
1551 3665 1661 3733 impetu
1677 3677 1778 3721 eorum

1066 3730 1139 3787 bunc
1165 3731 1380 3787 inuititudinem
1409 3731 1436 3785 06
1466 3732 1561 3801 fugam
1576 3735 1731 3804 convertit,
1748 3739 1778 3790 et

1065 3803 1160 3857 emnia
1180 3817 1281 3857 eorum
1302 3814 1380 3857 arma
1395 3801 1451 3858 diri
1475 3801 1529 3871 600,
1546 3803 1585 3859 006
1603 3809 1632 3860 60
1660 3804 1683 3861 60
1699 3804 1779 3860 0606-

1065 3885 1136 3943 6666
1152 3871 1217 3929 06006
1239 3886 1401 3942 repugnare
1417 3818 1537 3943 refiert,
1565 3888 1621 3929 non
1636 3846 1778 3931 baberent

1067 3956 1145 3997 arma
1166 3941 1193 3997 in
1210 3942 1316 4012 quibus
1332 3946 1495 4013 sperarent.
1525 3945 1565 4000 lle
1591 3944 1693 4015 spoliis
1708 3960 1779 4002 vere

1066 4027 1123 4068 non
1149 4012 1397 4082 estquaerendum
1448 4018 1567 4068 uantum
1598 4020 1714 4085 captum
1730 4015 1777 4087 sit,

1067 4083 1115 4139 ubi
1125 4083 1253 4139 thesauri
1266 4082 1343 4152 regis
1367 4027 1523 4138 0600066066
1538 4085 1673 4156 66666600
1691 4092 1773 4141 6660.

1067 4153 1240 4209 Ceciderunt
1258 4153 1295 4207 ibi
1315 4152 1379 4222 plus
1397 4167 1481 4223 quam
1496 4159 1612 4209 centum
1629 4155 1707 4210 milia
1723 4156 1778 4212 06-

1067 4239 1163 4281 66666
1172 4222 1220 4296 :ees
1245 4222 1360 4292 gladi03
1375 4223 1465 4279 timer
1479 4228 1576 4280 autem
1604 4224 1662 4281 illis
1676 4229 1777 4283 tantus

1063 4292 1111 4366 :⁸⁰⁹
1125 4299 1199 4365 erat,
1217 4298 1247 4350 60
1264 4294 1291 4349 06
1305 4298 1388 4364 66606
1405 4293 1580 4351 60600600660
1605 4300 1675 4352 0000
1690 4296 1778 4353 suffe-

1065 4364 1123 4420 oati
1135 4365 1210 4432 sint;
1222 4365 1258 4419 06
1269 4364 1315 4420 006
1331 4366 1458 4435 6666660
1472 4365 1501 4420 06
1517 4365 1589 4421 6660
1602 4366 1778 4424 06066066660

1064 4439 1182 4492 666660
1206 4449 1363 4501 6666666;
1394 4436 1508 4507 6606606
1535 4437 1674 4493 etiamen
1703 4438 1775 4510 ipsis

1065 4503 1778 4576 multesebtinnerunt.Pugnabatcerteerbister·

1065 4591 1163 4633 rarum
1179 4591 1231 4649 pre
1248 4576 1427 4633 christianis.
1441 4578 1475 4632 lit
1486 4577 1540 4634 nisi
1557 4577 1648 4651 spella
1664 4586 1776 4636 castre-

1064 4661 1128 4704 rum
1144 4647 1203 4703 dei
1226 4649 1266 4704 606
1291 4644 1399 4704 660066
1422 4646 1625 4718 detinuissent,
1640 4651 1725 4721 pauci
1741 4652 1777 4707 de

1065 4663 1776 4789 tantamuflitudlnebostiumessentquidebelle

1066 4789 1238 4846 renunciare
1260 4789 1436 4860 potuissent.
1463 4789 1561 4845 Pridie
1576 4795 1673 4846 autem
1691 4805 1776 4862 quam

1064 4858 1776 4929 bellumfleret,multamiliacamelerumetbeum

1064 4934 1094 4985 60
1105 4930 1201 4989 66066
1211 4929 1290 5003 66600
1301 4930 1460 4989 exereitus.
1470 4930 1685 5001 cumqnejussu
1699 4932 1777 5003 prin-

1063 5000 1159 5073 cipum
1204 5000 1310 5075 epulus
1335 5002 1396 5058 066
1424 5001 1584 5058 dimisisset
1600 5002 1636 5057 ad
1651 5016 1777 5076 pugnam

184 5073 229 5130 sie
258 5073 357 5144 itaque
382 5077 440 5132 066
466 5074 635 5132 6666060666
664 5078 695 5130 60
709 5061 916 5144 ceoperatorel
1063 5087 1170 5144 pregre
1193 5072 1265 5143 iens,
1279 5072 1413 5129 mirabile
1424 5071 1519 5130 dictu!
1538 5072 1645 5130 multas
1660 5078 1690 5131 60
1705 5073 1777 5133 mul-

756 5161 875 5218 l'leAE
895 5159 1093 5217 blicllolilis.

110 5248 267 5308 ¹⁴⁰⁴eerum
283 5254 316 5308 0.
355 5251 401 5286 ¹⁸⁰⁸
416 5251 511 5308 0660.
528 5264 652 5323 sempera
694 5248 740 5282 ¹⁶¹⁸
754 5248 808 5305 boe
831 5246 967 5320 leeejem
981 5247 1080 5329 taetus
1093 5247 1250 5329 antiquior
1276 5247 1389 5307 desinit
1399 5249 1434 5307 ie
1450 5253 1472 5305 l.
1512 5247 1557 5283 ¹⁸⁰²
1573 5249 1779 5327 deestcompe·

72 5320 187 5380 sissent
200 5335 233 5380 e.
248 5322 346 5397 infre.
386 5320 432 5358 “⁰⁸
444 5321 492 5382 vel
506 5325 685 5380 armatorum
699 5318 865 5392 odefacit
874 5316 986 5466 §.0th
1000 5317 1060 5377 0οι6
1075 5321 1096 5375 0.
1114 5317 1175 5375 606
1189 5331 1215 5375 6.
1231 5332 1255 5378 e.
1733 5434 1737 5441 Ι

113 5494 189 5574 (070)
204 5500 273 5560 0066
286 5500 385 5559 066606
398 5497 467 5559 06000
482 5501 558 5559 66660
577 5496 707 5559 narratio
723 5496 839 5573 sumpta
853 5498 900 5556 660
953 5491 1615 5577 edibussbynbeei(eumeuaobudeebine
1624 5499 1747 5571 obius

73 5582 116 5634 es
128 5569 255 5650 66006οι
270 5571 435 5654 principun
445 5572 483 5638 60
492 5571 662 5637 0666006066
672 5571 708 5650 ll,
723 5583 788 5647 666
802 5568 833 5632 06
844 5570 900 5632 aa·
955 5582 987 5634 a.
1018 5565 1226 5647 0000660066.
