3788 5992
69 202 131 268 tta
508 200 727 265 canonica.
748 235 785 250 -·
801 197 1038 265 unnomcolt
1060 199 1338 265 univunsntn.
1623 218 1626 225 '
1716 208 1774 274 tlt

69 333 893 411 aemapudmilitesvalentinianoresistentttt’ottatum
910 340 936 397 Α
952 333 1172 395 ttatrmnnams
1194 335 1338 395 tustinam
1357 334 1465 397 ducere
1484 345 1616 402 tractans
1639 357 1771 420 uxorem,

70 433 119 486 est
134 426 296 498 imperium.
315 428 444 494 Quicum
457 427 636 483 subtuliano
650 431 784 498 apostata
800 430 898 483 scuta·
953 440 1009 482 non
1022 431 1116 482 tamen
1129 426 1233 484 Severa
1246 427 1370 498 abjecta,
1387 429 1480 499 legem
1493 434 1647 503 proposuit
1658 437 1775 507 publiea

72 517 183 574 riorum
205 515 340 573 tribunus
360 521 440 572 esset
456 522 485 572 ct
503 516 643 586 integram
662 516 745 571 tidem
763 516 896 584 baberet,
953 529 1005 586 per
1021 516 1165 585 civitates,
1179 521 1209 573 ut
1222 518 1382 588 omnesqui
1399 519 1561 576 volnissent
1578 522 1693 592 impune
1710 525 1775 584 bina

71 611 101 661 et
117 604 250 661 Julianus
266 606 389 675 oriudum
401 605 447 661 die
460 605 597 676 templum
616 606 748 662 Fortunae
766 603 898 674 ingrede·
954 604 1136 660 niatrimonia
1153 605 1354 678 susciperent;
1374 620 1438 662 nam
1459 607 1524 664 ideo
1540 609 1697 680 populosas
1715 613 1775 670 lore

73 699 168 764 retur,
185 693 310 749 ministri
329 693 436 763 templi,
454 708 490 748 ex
506 699 629 764 utraque
647 699 729 764 parte
742 692 897 762 ianuarum
952 697 1056 762 gentes
1068 693 1194 763 dicebat,
1213 693 1279 764 quia
1293 694 1435 764 booapud
1446 709 1496 752 eas
1507 696 1668 770 sollempne
1683 704 1773 759 esset.

72 787 194 852 stantes,
207 782 377 853 aspersione
387 797 480 852 aquae,
491 783 565 838 sicut
577 782 632 853 ipsi
643 782 790 851 dicebant,
804 783 898 852 ingre·
953 780 1013 846 Qua
1026 772 1088 852 lege
1099 782 1261 853 proposita,
1275 782 1335 854 ipse
1346 783 1487 840 lustinum
1500 785 1599 853 duxit;
1613 801 1649 844 ex
1660 803 1715 859 qua
1728 803 1776 845 na-

71 870 189 927 dientes
210 872 386 943 purgabant.
405 872 481 927 Tune
498 870 719 927 Valentinianus
736 870 897 942 precedens
953 870 1095 925 tusestci
1108 870 1364 928 Valentinianuset
1375 877 1435 928 tres
1447 872 1523 943 bliae,
1535 876 1625 944 iusta,
1638 877 1735 943 Grata,
1746 883 1776 933 et

72 960 289 1032 imperatorem,
315 964 345 1016 ut
367 959 544 1032 aspersionis
567 964 680 1029 guttam
701 974 753 1016 sua
775 958 847 1015 vidit
869 958 896 1015 in

71 1048 206 1118 clamide,
225 1048 404 1119 indignatus,
423 1064 518 1119 pugno
538 1049 686 1119 percussit
701 1047 800 1119 templi
817 1045 898 1103 mini·

72 1142 177 1207 strum,
200 1137 301 1194 dicens
323 1152 354 1193 se
376 1137 514 1192 iliacutari
537 1136 634 1209 potius
658 1151 743 1208 quam
767 1135 895 1210 purgari.

954 957 1042 1013 Galla.
1069 959 1196 1025 Quarum
1220 959 1284 1016 duas
1299 960 1327 1016 in
1344 960 1513 1031 virginitate
1539 973 1774 1037 permanserunt,

953 1044 1141 1103 Gallamvero
1150 1047 1328 1106 Theodosius
1339 1048 1662 1124 majorduxituxorem,
1673 1069 1708 1110 ex
1719 1070 1774 1127 apua

952 1132 1090 1205 placidia,
1109 1134 1166 1192 lilia
1187 1135 1261 1206 eius,
1284 1137 1413 1194 noscitur
1428 1153 1495 1196 esse
1511 1142 1662 1212 progenita
1679 1143 1772 1213 (tono.

71 1226 155 1292 Quod
180 1226 342 1297 respiciens
368 1226 537 1295 imperator,
561 1226 650 1297 jussit
673 1241 737 1283 curn
765 1224 842 1282 trudi
869 1224 896 1280 iu
952 1224 995 1280 De
1007 1237 1034 1279 r.
1050 1238 1073 1282 s.
1093 1214 1132 1280 Hss
1148 1229 1211 1297 ιιι).
1234 1228 1304 1282 Nam
1325 1227 1501 1285 Archadium
1517 1235 1545 1285 et
1568 1231 1775 1290 llonoriumox

69 1313 245 1385 custodiam,
257 1315 358 1370 dicens
371 1334 377 1368 :
389 1314 806 1387 Antsocritioetcntmitt'tio
817 1327 897 1371 ecoe·
951 1312 1072 1368 Plaeilla
1085 1313 1174 1384 priori
1186 1315 1309 1385 conjuge
1323 1316 1434 1373 babuit.
1452 1317 1594 1376 durentia
1609 1319 1707 1392 itaque
1725 1326 1775 1380 dr·

70 1402 133 1459 dut.
147 1403 200 1471 Qui
213 1418 278 1459 mox
290 1409 394 1474 sponte
404 1403 551 1460 discessit.
563 1404 620 1460 Neo
632 1419 722 1472 mora,
732 1403 846 1459 iuliano
857 1403 897 1458 iu·
954 1395 1033 1457 ria'no
1053 1401 1259 1462 Mediolanensi
1279 1404 1416 1476 episeopo
1432 1406 1582 1478 defuncto,
1605 1410 1774 1469 Ambrosius

71 1491 209 1558 terleeto,
229 1492 409 1560 lorirrnooue
431 1502 556 1561 mortue,
575 1493 601 1548 in
619 1492 682 1550 loco
699 1491 896 1564 persecutoris
953 1490 1131 1562 presidatum
1150 1493 1230 1549 urbis
1246 1507 1346 1563 agens,
1365 1493 1486 1550 necdum
1505 1496 1681 1567 baptizatus,
1699 1514 1775 1557 eom·

69 1579 118 1636 sui
136 1581 266 1651 suscepit
286 1580 447 1651 imperium.
467 1583 595 1652 Cumque
613 1581 895 1652 Constantinopolim
952 1580 1029 1636 muni
1044 1580 1150 1636 civium
1168 1596 1313 1638 consensu
1329 1582 1487 1654 episcopus
1501 1583 1775 1656 eligitur,jubcute·

71 1669 264 1739 pervenisset,
280 1676 344 1739 post
355 1673 389 1726 30
400 1669 463 1725 dies
476 1669 588 1740 imperii
601 1669 646 1726 sui
659 1670 778 1725 tratrem
793 1669 893 1725 Valeri·
952 1683 1007 1739 quc
1024 1668 1225 1727 Valentiniano
1242 1671 1419 1742 baptizatur,
1432 1677 1460 1728 et
1474 1677 1609 1745 tauquam
1625 1674 1731 1746 dignus
1745 1676 1774 1735 in

71 1761 129 1814 tem
146 1758 173 1813 in
189 1759 418 1816 communionem
439 1759 519 1829 regni
536 1758 705 1829 assumpsit,
722 1755 850 1828 largiens
865 1757 891 1814 ei
909 1728 934 1789 Β
949 1758 1320 1830 episcopatunordinatur.
1332 1761 1418 1818 Multa
1429 1761 1527 1833 itaque
1538 1763 1637 1834 pretia
1648 1765 1774 1823 Valenti·

70 1847 347 1919 partesorientales,
360 1848 415 1904 sibi
429 1852 578 1904 retentans
590 1847 798 1904 occidentales.
812 1848 894 1903 Cum·
950 1847 1053 1904 nianus
1066 1862 1131 1904 curu
1144 1848 1269 1905 dirersis
1284 1849 1423 1920 gentibus
1437 1850 1592 1918 commisit,
1609 1852 1685 1910 inter
1701 1869 1775 1926 quus

70 1947 126 2005 que
139 1935 197 2006 jum
215 1949 318 1992 annum
335 1938 457 1992 tercium
472 1952 536 1993 euin
549 1937 639 1992 tratre
655 1941 765 2007 ageret,
784 1936 894 1992 Gratia·
948 1941 978 1993 et
989 1936 1070 1993 dlaoi
1081 1936 1493 2010 rebellaveruntRomanisMi‘.
1507 1940 1615 1998 Fruar.
1628 1956 1652 1998 o.
1666 1943 1776 2012 iicon·

69 2036 149 2092 narn,
168 2023 256 2082 illium
272 2041 354 2083 suum
373 2027 494 2084 necdum
508 2025 591 2098 plene
607 2026 756 2096 puberem,
774 2025 894 2081 bortntu

70 2126 175 2170 socrus
189 2119 219 2170 et
235 2114 335 2172 uxoris
350 2130 410 2172 suae
427 2116 541 2172 Serenae
552 2113 585 2148 ⁷¹¹
597 2122 753 2184 augustum
770 2115 893 2170 crearit.

70 2202 178 2260 llabuit
192 2208 329 2259 autemst
342 2204 379 2260 ali
393 2220 428 2259 rin
446 2203 534 2259 lilium
551 2205 702 2276 parvulum
720 2203 894 2258 Valentinia-

69 2303 138 2348 num
151 2289 186 2349 de
198 2293 252 2348 alia
266 2309 354 2350 uxore
365 2294 379 2347 J
384 2293 490 2362 ustiua,
504 2308 599 2364 quarn,
615 2293 729 2349 virente
744 2291 894 2349 Severa711

69 2393 124 2436 nec
138 2385 231 2438 tamen
244 2381 368 2451 abjecta,
385 2382 439 2438 boe
452 2381 536 2438 modo
548 2383 666 2440 duxisse
681 2383 831 2453 probatur.
847 2383 895 2438 lu·

69 2471 147 2536 stus,
163 2470 286 2527 lustinae
299 2477 391 2540 pater,
408 2476 565 2528 comesset
579 2471 673 2527 Piceni
683 2470 773 2540 iudex
784 2476 895 2541 tempo·

30 2615 33 2618 ,
70 2555 153 2614 ribus
177 2559 350 2628 Constantii,
377 2559 449 2614 vidit
468 2560 620 2616 insomnis
639 2559 716 2629 quod
735 2574 769 2615 ex
790 2560 894 2615 dextro

69 2645 179 2702 lentore
195 2647 372 2717 imperialem
390 2664 547 2719 purpuram
563 2649 723 2718 genuisset.
741 2648 809 2715 Qum
822 2646 895 2704 visio

68 2748 135 2791 cum
151 2735 186 2792 ad
204 2737 365 2793 Constantii
387 2752 473 2794 euros
494 2736 685 2808 pervenisset,
709 2743 842 2792 metuens
859 2751 894 2793 ne

67 2822 510 2894 imperatorcxeonasceretur‚
523 2825 892 2882 mittensoocidrtlustmn.

67 2911 158 2983 Cuius
168 2911 223 2969 lilia
234 2915 345 2971 lustina
359 2914 441 2985 virgo
453 2929 637 2985 permanens,
650 2930 715 2970 cum
727 2913 892 2985 perveniret

67 3000 104 3058 ad
120 3000 235 3058 Serenae
252 3002 398 3072 noticiam,
423 3005 574 3060 attrabatur
589 3007 625 3059 ab
641 3019 684 3074 ea,
702 3003 740 3058 ita
759 3007 789 3059 ut
805 3003 893 3058 etiam

949 2029 992 2081 tra
1016 2039 1089 2096 quos
1110 2041 1174 2082 oum
1197 2025 1418 2084 Valentinianus
1438 2029 1596 2086 Romanurn
1617 2030 1773 2091 direxisset

949 2114 1122 2184 exercitum,
1140 2114 1257 2186 plurimi
1269 2130 1305 2172 ex
1319 2116 1362 2172 eis
1378 2116 1468 2173 occisi
1485 2123 1564 2184 sunt,
1583 2118 1687 2190 reliqui
1705 2135 1774 2180 vero
1826 2132 1828 2136 ’

949 2201 1090 2258 Meotidas
1112 2202 1233 2273 paludes
1249 2204 1442 2261 intraverunt.
1459 2206 1536 2262 luno
1553 2206 1773 2268 Valentinianus

949 2288 1022 2346 dixit
1039 2291 1220 2348 exercitibus
1236 2292 1308 2363 suis,
1325 2293 1412 2363 quod,
1430 2292 1455 2349 si
1467 2294 1515 2363 qui
1527 2294 1618 2352 exeis
1634 2296 1774 2356 Meotidas

950 2379 1072 2451 paludes
1086 2381 1230 2437 intrarent
1242 2387 1272 2437 et
1284 2380 1391 2438 Alanos
1406 2381 1472 2438 inde
1486 2382 1705 2456 propulsarent,
1722 2401 1773 2459 per

949 2468 1049 2523 decem
1066 2482 1156 2524 annos
1171 2469 1282 2538 absque
1298 2468 1411 2525 tributo
1422 2483 1473 2525 eos
1485 2469 1680 2540 permitteret.
1696 2473 1773 2532 lunc

950 2556 1065 2626 quidam
1083 2556 1118 2611 de
1135 2558 1292 2614 Sicambria
1310 2558 1435 2628 ingressi
1453 2566 1655 2631 pugnaverunt
1671 2573 1773 2621 contra

949 2644 1067 2715 Alanos,
1081 2646 1216 2717 laetaque
1228 2646 1360 2716 victoria,
1373 2645 1524 2716 eiecerunt
1535 2662 1594 2706 eos.
1610 2647 1673 2716 Quo
1685 2650 1771 2718 lacto,

949 2734 1170 2792 Valentinianus
1186 2733 1344 2806 appellarit
1356 2750 1408 2793 eos
1419 2735 1515 2793 Attica
1527 2735 1625 2808 lingua
1637 2739 1772 2813 Francos,

949 2821 1003 2880 boo
1016 2829 1071 2894 est,
1090 2824 1200 2880 feroces
1214 2829 1244 2880 et
1260 2825 1350 2881 duros
1368 2840 1400 2880 ae
1416 2825 1516 2882 tortos.
1536 2825 1774 2898 Cujus⁷²¹gentis

949 2912 1016 2984 quia
1033 2926 1064 2969 se
1080 2913 1187 2970 obtulit
1203 2914 1311 2970 mentio
1328 2928 1487 2985 regumque
1498 2914 1560 2983 ejus
1571 2915 1598 2970 in
1611 2915 1694 2974 libris
1708 2931 1773 2976 san·

948 3008 1062 3058 ctorum
1079 3016 1147 3073 sepe
1165 3002 1196 3056 ιιι
1210 3002 1461 3072 cominemoratio,
1477 3001 1546 3059 licet
1563 3004 1656 3061 iacere
1672 3005 1772 3063 ridear

66 3089 181 3148 balneis
206 3107 272 3150 cum
295 3107 328 3148 ea
354 3099 497 3161 uteretur,
528 3093 649 3163 ejusque
674 3091 892 3163 pulchritudine
910 3084 933 3147 C
948 3089 1169 3161 digressionem,
1194 3106 1247 3162 pro
1271 3106 1366 3147 rerum
1393 3097 1488 3147 tamen
1510 3092 1626 3162 noticia,
1645 3093 1772 3166 repetita

65 3178 194 3251 obligata
210 3185 239 3238 et
256 3197 354 3238 amore
374 3191 470 3252 capta,
489 3181 599 3238 diceret
617 3181 795 3252 insperatam,
814 3181 890 3252 quod
946 3180 1076 3250 ejusden
1092 3181 1209 3251 generis
1224 3180 1346 3250 origine,
1363 3194 1447 3250 quant
1464 3181 1582 3239 brevius
1597 3187 1711 3254 potero,
1729 3198 1772 3242 re·

64 3269 181 3327 lustina
197 3273 237 3328 sie
254 3271 386 3342 speciosa
403 3268 494 3342 essot',
512 3278 540 3327 ut
557 3271 646 3327 etiamn
674 3285 754 3341 psam
773 3269 892 3326 deceret
946 3283 1013 3340 gum
1030 3268 1094 3339 ejus
1109 3269 1274 3327 ascribam
1295 3269 1521 3327 successionem.

65 3370 188 3416 uxorem
208 3360 394 3432 imperatoris
412 3374 487 3417 esse.
509 3360 571 3426 Quo
588 3375 721 3417 sermone
737 3364 889 3431 concepto,

655 3486 708 3545 DE
731 3484 904 3548 ΟιιιιιΙΝΕ7
922 3482 1177 3546 Fttnncottttnl

103 3615 892 3689 (G.Froac.cod.bamb.)Francorumgent'sexordia
948 3616 1107 3688 imperator
1131 3630 1232 3673 corum
1257 3616 1422 3689 laetionen,
1448 3618 1535 3677 nimis
1553 3619 1658 3693 iratus,
1681 3622 1771 3694 jussit

66 3705 104 3762 de
119 3706 237 3776 antiqua
254 3707 442 3776 Troianorum
459 3707 594 3778 prodiero
611 3707 756 3777 prosapia.
775 3707 843 3761 Nam
857 3719 892 3762 eo
946 3720 1059 3761 ornnem
1094 3705 1252 3762 Romanum
1287 3707 1449 3763 exercitum
1479 3724 1544 3766 oum
1576 3710 1709 3782 pluribus
1736 3711 1770 3747 ²¹⁸

67 3801 272 3868 temporeque
294 3806 359 3867 post
379 3798 524 3853 excidium
545 3797 635 3866 Troiae
654 3795 758 3851 AEueas
779 3794 891 3850 ltaliam
946 3794 1058 3850 exteris
1078 3794 1215 3863 gentibus
1236 3810 1364 3865 pugnare
1385 3803 1487 3854 contra
1502 3812 1563 3855 eos.
1582 3801 1678 3870 Pugna
1693 3815 1771 3859 com·

66 3885 159 3954 venit,
176 3886 292 3955 quidam
305 3902 340 3940 ex
351 3885 461 3941 eisdem
475 3886 607 3955 Troianis
622 3885 707 3941 simili
725 3884 810 3938 modo
827 3896 893 3954 pro·
947 3883 1162 3952 missa‚cumex
1174 3889 1297 3953 utraque
1308 3890 1390 3954 parte
1401 3886 1641 3960 multicaderont‚
1652 3889 1770 3948 taudem

67 3973 127 4044 iugi
145 3974 222 4031 circa
244 3973 384 4030 Meotidas
410 3973 530 4044 paludes
554 3973 770 4044 applicuerunt,
792 3971 891 4042 ibique
946 3969 1768 4051 Francimultitudinemtantamsustinerenonvalentes,

65 4064 264 4132 considentes,
282 4064 422 4119 terminos
437 4078 507 4118 suos
524 4060 837 4133 usqueinl’anoouiam
849 4059 892 4116 di·
947 4056 1104 4127 lugierunt,
1122 4057 1219 4128 ibique
1237 4063 1370 4114 mortuus
1388 4065 1433 4116 est
1448 4060 1643 4120 Priamusrex
1657 4079 1768 4124 eorum

66 4149 243 4209 latareruut.
261 4154 496 4210 construxerunt
510 4158 606 4208 autem
621 4150 770 4207 civitatem
785 4149 891 4206 Sicam—
946 4145 1064 4215 Egressi
1085 4150 1181 4202 autem
1203 4144 1238 4201 de
1259 4146 1428 4218 sicambria,
1449 4155 1591 4207 venerunt
1613 4152 1769 4212 interram

66 4239 170 4310 briam,
189 4242 286 4312 ibique
302 4257 353 4312 per
373 4241 480 4298 inultos
496 4242 661 4297 habitantes
677 4254 779 4308 annos,
797 4239 824 4294 in
842 4252 892 4310 po·
946 4234 1116 4302 Gerunaniae,
1134 4234 1169 4290 ad
1185 4241 1300 4304 gentem
1321 4235 1435 4292 scilicet
1456 4238 1594 4295 Rornanis
1616 4241 1770 4300 infestissi-

66 4328 167 4401 pulum
197 4329 319 4386 multum
349 4334 517 4398 creverunt,
541 4334 569 4384 et
596 4326 736 4382 Sicambri
767 4326 890 4396 primum
946 4322 1769 4399 ruam,habitaveruntqoealiquantotemporeiuTburin·

65 4416 137 4474 dieti
154 4424 231 4476 sunt.
248 4419 280 4474 lli
294 4433 345 4489 pro
356 4433 392 4475 eo
404 4418 480 4489 quod
494 4418 609 4487 Alanos,
621 4422 653 4473 ut
665 4416 774 4472 dietum
786 4420 841 4483 est,
854 4413 890 4469 de
906 4393 930 4453 D
945 4411 992 4481 gia
1008 4427 1074 4468 curn
1090 4412 1281 4482 Marcomede,
1299 4413 1357 4470 illio
1374 4415 1489 4485 Priami,
1505 4421 1534 4472 et
1547 4416 1692 4489 Sermone,
1710 4419 1770 4480 illio

65 4505 189 4563 Meotida
206 4505 312 4578 palude
331 4508 518 4578 expulerunt,
539 4507 639 4562 Franci
658 4503 890 4561 avalentiniano
945 4498 1109 4556 Antenoris.
1126 4500 1233 4556 Omnes
1248 4507 1343 4557 autern
1361 4502 1506 4575 populien
1518 4504 1566 4562 illa
1581 4512 1663 4577 parte
1676 4508 1768 4566 libeni

65 4595 162 4652 vocati
188 4600 266 4665 sunt,
288 4601 317 4651 et
339 4611 392 4667 pro
417 4595 469 4651 bae
495 4595 614 4652 victoria
642 4610 692 4665 per
718 4592 889 4650 decennnium
945 4588 1112 4645 habitantes
1127 4590 1258 4647 Germani
1271 4590 1342 4648 dieti
1353 4597 1432 4662 suot,
1449 4592 1514 4664 quia
1526 4578 1649 4666 corpora
1665 4611 1767 4669 magna

65 4684 237 4741 remissione
251 4684 429 4742 tributorum
447 4684 545 4741 donati
561 4689 641 4740 suut.
662 4682 805 4740 Metennio
822 4695 890 4738 vero
946 4679 1091 4736 habebant
1110 4685 1140 4736 et
1161 4680 1313 4738 tortissimi
1337 4695 1452 4754 semper
1467 4687 1496 4738 et
1515 4683 1646 4741 indomiti
1671 4692 1765 4746 erant.

65 4782 196 4847 peracto,
224 4773 302 4829 misit
325 4774 545 4831 Valentinianus
563 4772 648 4829 ”lad
671 4787 723 4828 eos
746 4771 889 4843 quotidem
945 4769 1024 4825 lnter
1050 4763 1109 4827 llaec
1134 4770 1272 4828 defuneto
1301 4772 1446 4843 Sunnoue,
1476 4773 1576 4829 Franci
1603 4775 1768 4834 babuerunt

63 4861 167 4921 ducem
178 4863 391 4934 prooxigendis
403 4864 538 4924 trilmtis:
552 4863 604 4918 sed
616 4861 667 4928 illi,
680 4863 889 4918 uterantlero-
944 4859 1096 4917 consilium
1114 4861 1189 4917 iuter
1205 4876 1246 4931 se,
1261 4865 1292 4917 ut
1305 4877 1391 4918 unum
1409 4876 1504 4931 regem
1523 4862 1672 4933 baberent,
1690 4865 1766 4923 sicut

64 4965 125 5021 ces,
137 4952 258 5008 tributis
272 4953 395 5011 ulterius
406 4952 558 5023 subiacere
569 4950 716 5023 dedignati
729 4958 807 5016 sunt,
822 4953 889 5008 mis·
943 4956 971 5007 et
984 4958 1086 5022 gentes
1096 4955 1405 5020 aetermaeceptoque
1416 4949 1563 5006 consilioa
1574 4951 1765 5026 Marcomede,

64 5055 171 5111 sosque
195 5044 231 5098 ad
259 5057 288 5098 se
314 5043 533 5099 inter-iecerunt.
560 5045 685 5100 Fuerunt
706 5049 802 5098 autern
819 5049 887 5098 tunc
942 5041 1163 5108 Fararnundum,
1187 5039 1278 5111 ipsius
1298 5039 1397 5107 illium,
1417 5053 1513 5109 regem
1528 5040 1720 5113 constituere,
1736 5049 1767 5100 et

62 5132 213 5204 principes
225 5133 363 5190 intereos
375 5133 560 5203 antiquorum
574 5133 780 5190 vocabulorum
795 5132 887 5203 prole·
941 5145 1028 5188 exeo
1045 5137 1174 5201 tenpore
1194 5128 1274 5199 leges
1293 5127 1400 5185 babere
1419 5133 1585 5199 coeperunt,
1607 5143 1679 5199 quas
1697 5144 1768 5201 gen·

62 5223 308 5296 rentesiusignia,
321 5223 637 5281 Priamusetdntenor.
649 5221 885 5290 Audiensitaquo
940 5220 1009 5276 tiles
1035 5234 1135 5276 eorum
1158 5217 1317 5276 consiliarii
1346 5216 1576 5288 wtsogastatdus
1591 5222 1620 5275 et
1636 5218 1768 5292 salegast

745 5335 864 5394 VARlAE
887 5335 1084 5394 tinctiones

99 5437 136 5479 ²²⁰
149 5439 293 5501 drestlit.
332 5438 428 5498 711tto
442 5440 523 5499 codd.
571 5436 907 5511 testamentariae
921 5437 1108 5498 mosomum
1132 5431 1214 5494 demi
1233 5432 1282 5503 E„
1310 5431 1339 5489 et
1359 5431 1395 5490 ts
1408 5437 1439 5490 s.
1463 5443 1581 5505 quoquo
1604 5433 1764 5495 maiittbsr.

79 5512 102 5549 ¹⁸
114 5511 331 5573 valentinianus
346 5517 372 5569 t.
411 5509 446 5547 ⁷¹⁴
461 5509 596 5585 plurimis
611 5509 720 5569 ceteris
737 5525 765 5582 g.
782 5513 807 5567 t,

225 5611 356 5673 Parnoi.
380 5608 484 5673 cttv.
1593 5601 1632 5662 ιθ
