3788 6000
99 96 103 103 ¹
141 139 217 217 vam
640 136 879 217 canonicos
894 144 928 214 s.
945 99 1122 213 666666
1142 140 1339 216 annnam.
1484 212 1486 216 ,
1794 106 1864 217 nn

137 308 216 366 davit
245 322 296 366 eos
323 308 424 366 venire
452 307 590 365 lrnuttus
617 320 724 376 comes,
753 322 789 364 ex
814 302 948 377 optimati
975 287 1176 376 Apresbttcr,
1192 305 1333 364 decimam
1351 314 1496 367 sartorum
1520 304 1582 367 sibi
1600 313 1743 368 conatus
1758 310 1849 370 abstra

139 397 193 454 bus
209 398 272 455 suis
287 399 443 469 lliquinum
471 401 502 455 et
516 394 679 468 algoldum,
707 396 916 453 Theodericum
932 398 962 450 et
1018 396 1102 463 bere;
1116 396 1192 454 unde
1203 413 1269 454 cum
1284 399 1385 468 viginti
1401 401 1508 470 garbas
1524 398 1732 471 abstulisset,
1744 399 1848 460 Theode—

138 491 290 548 tlbertum
313 503 411 547 seeum
441 488 480 545 ibi
509 487 628 558 babens,
650 493 680 543 et
709 485 819 561 indicta
847 483 962 539 bannatl
1019 485 1098 542 ricus
1113 490 1324 559 superveniens
1336 491 1513 562 praepositus
1527 491 1571 547 illi
1592 505 1668 548 cum
1687 493 1847 550 maximaia·
1879 540 1882 555 .

137 580 307 638 evocatione
323 579 414 635 totius
433 576 613 633 Gabelieneis
626 576 794 647 potestatis,
818 573 964 644 adjuravit
1019 573 1187 645 dignatione
1198 577 1555 671 quodinvenitresiduqm
1571 579 1714 638 decimae
1734 587 1847 639 constan
1879 558 1882 571 ¹

138 668 353 740 antiquioreset
362 662 963 736 melioresinterpositosacramentofactae
1018 664 1185 722 terinduxit
1195 665 1300 722 horreo
1311 667 1454 740 ecclesie,
1466 683 1601 740 eumque
1613 667 1656 725 ad
1666 670 1847 742 episcopales

139 756 194 816 sibi
223 754 382 824 itdelitatis,
404 758 435 812 ut
463 754 612 810 edicerent
643 753 668 807 ei
696 752 849 808 veritatem
878 749 965 820 hujus
1019 754 1196 810 audientiam
1212 756 1305 812 edixit
1330 771 1428 814 secum
1455 759 1569 814 venire.
1602 759 1846 816 Evocatisauten

138 843 371 902 consuetudinis.
384 843 428 899 ltli
440 842 530 899 locuti
543 838 962 910 cumconsiliorespondenunt
1020 843 1236 913 antiquioribus
1245 844 1593 919 vicinis,episoopoapud
1602 849 1846 905 sauctumllubcr·

139 933 238 991 comiti
251 930 483 1004 porllodericum
495 929 684 1002 prepositum
697 935 727 985 et
738 929 896 985 Gobertuui
913 927 964 982 vil·
1020 934 1080 986 turn
1093 932 1283 989 commoranti
1295 938 1419 1004 interque
1434 949 1465 990 sc
1474 936 1701 1005 praesentavit;
1716 936 1757 992 ibi
1768 952 1846 994 coria

140 1022 239 1092 licum,
252 1021 328 1076 sicot
344 1024 428 1077 erant
452 1018 588 1089 adjurati,
602 1018 767 1075 exactiones
782 1018 854 1075 istas
865 1017 900 1073 ab
912 1016 965 1073 ini·
1019 1017 1846 1096 illosacramentoveridicorumeomprobataveritatep'a·

140 1111 206 1182 quis
220 1108 363 1166 ministris
380 1108 561 1165 dominorum
578 1122 642 1163 esse
665 1107 798 1163 inventas
813 1112 843 1161 et
857 1106 963 1177 injuste
1019 1105 1846 1185 dicioBosonisarcbidiaeourRaguenuspresbitcrpubli

139 1204 169 1257 et
186 1197 385 1258 fraudulenter
404 1197 537 1255 ecclesie
554 1197 715 1268 impositas,
732 1196 758 1252 ei
776 1197 841 1252 ideo
853 1195 963 1266 judicio
1017 1197 1228 1266 carniustitiam
1245 1196 1312 1254 iecit
1329 1199 1507 1255 Theoderico
1527 1200 1652 1270 abbati,
1666 1205 1697 1257 et
1709 1201 1847 1274 jussuepi·

138 1302 250 1358 eorum,
262 1287 285 1345 si
297 1286 416 1358 justicia
438 1291 617 1354 servaretur,
633 1284 824 1341 omnirnodo²⁸
836 1284 963 1341 adniobi-
1019 1285 1100 1356 scopi
1111 1286 1250 1342 decimam
1268 1300 1353 1356 quam
1368 1286 1531 1344 abstulerat
1550 1302 1612 1346 suo
1625 1289 1771 1349 vehiculo
1782 1292 1846 1347 rcdn·

140 1376 329 1434 laudaslliis
354 1389 453 1433 comeo
475 1373 594 1444 auditis,
626 1374 763 1443 Vigoncnn
793 1374 962 1443 magistrum
1017 1374 1092 1427 etam
1110 1374 1844 1447 proprilsmanibusinhorreoecclesiaereposuit.

140 1466 290 1524 scabinum
305 1464 412 1536 garbas
438 1467 575 1534 acceptas
601 1462 765 1519 excultum
795 1462 961 1519 dominicali
1054 1463 1096 1518 l7.
1113 1461 1180 1528 (at.)
1196 1463 1368 1519 Namueensi
1383 1465 1440 1536 (71)
1457 1465 1631 1536 comitatui,
1654 1466 1729 1522 lieet
1745 1467 1844 1536 injuste.

140 1555 309 1613 videntibus
336 1553 450 1610 eunctis
467 1551 587 1623 proprio
615 1550 691 1608 collo
708 1551 776 1607 lecit
807 1553 916 1608 reterre
932 1558 961 1607 et
1019 1550 1190 1620 subjacebat
1206 1552 1374 1607 centenaria
1390 1551 1506 1622 justitia
1522 1554 1731 1627 anseromiae,
1745 1562 1774 1611 et
1787 1558 1846 1613 vice

141 1656 284 1716 reponere
300 1642 328 1697 in
353 1642 459 1698 horreo
476 1640 552 1696 beati
579 1641 711 1696 liuberti.
741 1640 876 1706 Quaedam
891 1657 961 1697 vern
975 1643 1003 1704 Β
1018 1639 1156 1694 contritum
1169 1638 1309 1695 violentia
1324 1640 1508 1710 affligebatur
1522 1642 1618 1698 nimis
1634 1644 1845 1702 ecclesiaelami·

141 1746 243 1802 venna,
265 1746 329 1803 quaa
348 1729 426 1802 apud
450 1744 500 1786 eos
516 1728 623 1785 dicitur
647 1728 756 1797 radius,
774 1730 801 1784 tn
819 1730 889 1786 lluia
916 1732 961 1801 66)
1019 1723 1065 1780 lia.
1085 1727 1184 1782 loturi
1208 1739 1312 1784 causas
1333 1728 1420 1798 hujus
1435 1727 1607 1785 exactionis
1632 1729 1845 1787 Guillelmusde

141 1821 275 1889 babetur,
290 1825 319 1875 et
344 1832 534 1889 quaecumque
555 1821 676 1888 captura
702 1818 822 1889 piscium
841 1819 879 1873 ibi
898 1834 962 1889 pro·
1017 1814 1115 1869 Virvia
1138 1830 1202 1870 cunr
1231 1815 1403 1873 lter-imauno
1418 1820 1446 1873 et
1472 1816 1564 1872 tratre
1595 1817 1668 1886 ejus
1683 1818 1845 1875 Rodullode

142 1908 257 1966 venerit
272 1923 287 1964 a
303 1921 378 1963 ucna
404 1905 556 1963 dominicae
580 1906 675 1961 noctis
692 1921 783 1976 usquc
813 1906 848 1961 ad
863 1920 963 1979 vespe·
1019 1901 1147 1959 lloubaia
1164 1905 1221 1976 (76)
1242 1904 1288 1960 dic
1311 1905 1446 1962 condicta
1463 1905 1514 1961 illo
1538 1914 1769 1978 convenerunt,
1786 1916 1810 1965 et
1824 1911 1843 1964 ir

142 2011 204 2054 ram
221 1995 372 2067 sequentis
386 1994 453 2065 diei,
469 2009 551 2051 suum
572 1994 629 2067 (67)
643 1999 688 2049 cst
704 1993 838 2050 ecclesie
855 2000 963 2051 nostrae
1019 1990 1183 2048 dominicali
1200 1993 1280 2048 curia
1303 2008 1422 2065 porcum
1440 2009 1529 2049 riuum
1546 1994 1747 2053 invenientes
1761 1997 1787 2052 in
1800 2012 1844 2053 66

142 2082 405 2141 exconsuetudiuo
433 2082 542 2148 veteri;
558 2088 589 2138 et
615 2081 731 2152 quondo
760 2081 834 2138 idem
863 2083 963 2139 radius
1018 2094 1082 2135 nam
1099 2094 1180 2137 suam
1208 2081 1301 2139 occidi
1326 2086 1357 2138 et
1373 2083 1469 2153 parari
1491 2082 1674 2152 iusserunt.
1697 2084 1844 2142 Butlientes

141 2171 312 2229 tirmabatur
327 2172 383 2242 (68)
395 2186 410 2227 6
421 2169 519 2227 villico
533 2173 645 2239 nostro,
662 2170 798 2240 exigebat
809 2171 864 2226 sibi
879 2173 963 2227 obso-
1018 2181 1122 2225 carnes
1138 2170 1210 2226 sutis
1226 2170 1336 2227 multuo
1351 2170 1425 2240 ignis
1442 2174 1611 2240 suggestus
1626 2176 1788 2245 coquebat,
1804 2173 1843 2229 sed

141 2261 220 2319 nium
236 2260 352 2317 comitis
363 2259 489 2316 villicus.
502 2259 559 2315 llas
571 2272 672 2315 omnes
686 2258 844 2327 injustitias
861 2274 895 2316 ne
907 2274 964 2314 am·
1022 2255 1100 2313 nullo
1112 2258 1197 2314 modo
1209 2258 1333 2329 decoqui
1343 2261 1493 2330 poterant,
1510 2264 1540 2314 et
1558 2260 1718 2319 ministris
1729 2261 1765 2317 de
1781 2275 1843 2317 more

143 2349 219 2422 plius
233 2362 248 2404 a
264 2361 409 2420 qucquam
426 2347 625 2417 exigerentur,
654 2345 769 2402 bannali
785 2348 964 2404 auctoritate
1020 2346 1614 2417 atteuiptarrtibuseas,cruditatemsuam
1627 2351 1843 2421 etsaoguineno

141 2451 239 2494 comes
253 2435 417 2505 interdixit,
442 2434 623 2507 pontenariis
645 2436 829 2492 constituens
846 2435 881 2491 de
899 2450 965 2492 unn—
1020 2434 1170 2489 horrorem
1187 2435 1369 2504 ingerebant.
1388 2436 1537 2493 Coenaturi
1553 2437 1673 2494 domiui
1691 2453 1759 2495 cum
1773 2438 1843 2495 tedio

141 2521 742 2597 quaquecarrata,transponcndaedecime
755 2525 964 2593 unarngarbam
1021 2521 1206 2579 allicerentur
1220 2522 1306 2592 binius
1331 2525 1558 2596 expectationis,
1578 2539 1693 2583 carnes
1712 2527 1777 2583 illas
1791 2541 1844 2597 qua·

141 2614 284 2685 accipere,
294 2618 323 2668 et
335 2613 360 2668 si
371 2611 441 2683 quid
457 2612 552 2669 nriuus
570 2611 656 2667 luerit
668 2610 826 2681 deintegra
838 2616 964 2682 carrata,
1022 2609 1188 2682 tescumque
1202 2618 1302 2667 esseut
1316 2611 1372 2668 sibi
1383 2613 1537 2682 iusserunt
1552 2616 1680 2685 apponi,
1704 2617 1757 2673 sed
1777 2629 1844 2671 ecem

141 2700 289 2758 dimidiam
314 2699 393 2757 itti¹⁹
411 2699 576 2771 provenire,
606 2699 683 2755 siout
712 2699 854 2770 placuerit
885 2701 966 2756 mini·
1021 2699 1121 2754 eadem
1134 2700 1305 2756 illisuttima
1317 2700 1386 2756 luit:
1405 2715 1468 2757 nam
1485 2701 1843 2761 Guillelmusadaemouio

141 2794 205 2846 stro
219 2788 365 2859 ecclesiae,
381 2792 411 2845 et
425 2788 481 2843 boe
500 2787 563 2843 sine
579 2785 637 2843 ulla
658 2786 867 2844 decertatione.
883 2789 966 2843 llein-
1021 2792 1158 2858 arreptus
1170 2793 1199 2843 et
1213 2788 1338 2844 virviam
1355 2789 1382 2844 in
1394 2790 1559 2858 gestatorio
1570 2791 1693 2850 relatus
1709 2793 1844 2849 miserabi-

141 2877 177 2935 dc
193 2890 290 2934 comes
315 2890 368 2948 pro
384 2874 430 2931 his
453 2879 480 2930 et
501 2874 566 2930 aliis
581 2873 731 2944 injustitiis
744 2873 775 2942 ⁸⁰,
800 2888 872 2943 quas
888 2876 934 2931 vel
951 2892 964 2930 a
1022 2875 1091 2931 liter
1105 2876 1265 2949 expiravlt;
1291 2877 1482 2934 llcrinraunus
1506 2892 1576 2936 vcro
1593 2885 1628 2936 et
1644 2880 1793 2937 Rodullus
1807 2879 1845 2936 all·

142 2981 173 3023 se
186 2966 233 3023 vel
249 2978 264 3020 a
279 2965 340 3021 suls
367 2963 537 3034 recognovit
557 2962 648 3020 iactas
675 2963 820 3032 ecclcsiae,
850 2964 964 3035 culpam
981 2995 1005 3058 C
1022 2965 1157 3034 quamdiu
1174 2979 1239 3021 eum
1257 2965 1344 3022 nimio
1364 2964 1464 3022 dolore
1478 2969 1668 3039 superstites
1685 2968 1845 3025 deiecerunt

142 3069 223 3113 tuam
238 3052 392 3111 confessus
406 3059 451 3109 cst
467 3050 595 3124 publice,
609 3059 639 3106 et
655 3051 760 3108 Ottone
778 3051 837 3107 tilio
853 3067 906 3108 suo
921 3065 965 3108 se·
1020 3053 1083 3108 sino
1096 3053 1304 3123 poenitentiaet
1315 3053 1408 3109 diriua
1421 3055 1715 3124 recognitione.lliis
1727 3058 1846 3130 probatis

141 3157 206 3200 cum
219 3142 346 3199 deducto
358 3140 478 3197 veniens
489 3140 526 3196 ad
538 3139 756 3208 monasterium,
771 3139 965 3196 Floberimou-
1021 3140 1160 3197 libertus
1175 3155 1272 3197 comes
1284 3142 1471 3199 Nauiucensls
1482 3156 1547 3198 cum
1560 3143 1592 3199 in
1612 3144 1774 3202 Arduenna
1786 3145 1844 3202 silva

57 3249 60 3255 ’
142 3239 200 3289 tem
217 3232 273 3302 (69)
297 3244 362 3285 cum
379 3228 486 3284 tarnilia
502 3234 531 3285 et
547 3226 712 3285 molendino
733 3227 850 3283 donavit
877 3229 963 3284 beato
1021 3232 1185 3286 moraretur
1196 3229 1290 3299 gratia
1301 3230 1435 3299 venandi,
1448 3233 1681 3290 etveneratione
1693 3234 1751 3292 loci
1763 3235 1845 3291 diver·

142 3319 272 3375 llubcrto
288 3316 421 3387 legaliter
440 3316 610 3372 babendum.
633 3314 697 3370 Filii
708 3329 824 3385 quoquc
840 3314 884 3371 sui
895 3316 964 3371 dex·
1020 3322 1095 3372 teret
1107 3332 1173 3375 cum
1188 3331 1277 3374 uxore
1289 3331 1340 3373 sua
1351 3318 1411 3388 lda,
1426 3333 1490 3390 quae
1501 3320 1587 3390 prius
1602 3322 1703 3378 luerat
1716 3338 1792 3379 uxor
1804 3321 1845 3378 du-

142 3415 216 3463 tram
232 3420 321 3476 super
335 3404 427 3476 majus
453 3403 544 3460 altare
559 3403 636 3459 beati
653 3403 731 3458 Petri
750 3402 917 3473 applicavit,
933 3408 964 3460 et
1019 3406 1062 3461 cis
1075 3406 1219 3462 l'rnderici
1231 3409 1297 3479 (73),
1310 3406 1344 3462 66
1355 3406 1507 3463 eeclesiam
1520 3407 1603 3464 beati
1616 3410 1760 3482 liuberti,
1770 3413 1845 3467 Tbcc

145 3504 174 3551 ut
187 3497 282 3552 omrria
291 3508 354 3567 quae
363 3491 772 3559 cidemecclesiaedcnaverat,
782 3490 827 3547 vel
838 3490 963 3561 iniustas
1020 3494 1235 3550 deniensabbas
1246 3495 1602 3566 praedletumcomitatum
1614 3500 1845 3571 anseromieop

142 3584 311 3642 exactiones
319 3590 347 3639 ct
359 3578 669 3650 consuetudinesquas
680 3580 890 3649 annullaverat,
901 3580 963 3650 ipso
1019 3582 1105 3638 tinuit
1118 3583 1207 3638 abeis
1228 3587 1371 3654 perpetuo
1384 3583 1594 3641 remittendum
1611 3585 1753 3645 ecclesie
1765 3587 1845 3655 (ciam

142 3673 230 3728 ctiam
242 3668 434 3741 jurejurando
445 3669 471 3724 ei
487 3665 672 3723 confirmaret
690 3667 808 3739 proprio
826 3667 964 3737 orejura-
1019 3688 1067 3726 cr.
1089 3673 1176 3743 tddd).
1194 3673 1232 3726 Ea
1250 3679 1344 3726 tamen
1367 3671 1536 3729 conditione
1550 3671 1573 3706 ⁸¹
1590 3674 1776 3747 interposita
1789 3676 1845 3732 666

143 3769 208 3817 lum
224 3759 355 3827 (liviadis
385 3755 580 3828 timentibus
595 3754 633 3810 ibi
652 3756 826 3826 quibusnam
842 3757 963 3827 optima·
1020 3760 1193 3829 remissioni,
1209 3767 1239 3816 ut
1259 3760 1362 3830 viginti
1373 3760 1486 3816 modios
1498 3775 1602 3819 666666
1615 3769 1734 3821 nostrae
1745 3777 1846 3821 mensn-

142 3849 221 3905 tibus
235 3847 305 3905 suis.
325 3845 473 3903 Gabelium
500 3850 597 3906 autem
619 3843 709 3901 semel
739 3845 766 3900 in
782 3844 906 3901 dicendo
922 3845 964 3900 in·
1019 3863 1059 3903 vm
1070 3849 1247 3920 praepositus
1258 3847 1435 3905 Anserovuiae
1447 3851 1846 3919 quotannisexsotveretco

140 3936 244 4008 gressi,
270 3935 385 3991 videtur
410 3932 482 3990 utile
506 3933 714 3990 uotideandurn
738 3935 877 4004 posteris,
893 3934 961 3989 ticet
1020 3936 1144 4004 nutatui,
1168 3934 1282 3991 villicus
1305 3950 1373 3992 vcro
1396 3935 1474 3992 villae
1498 3935 1535 3992 de
1559 3952 1747 4012 unaquaque
1771 3941 1844 3998 domo

142 4029 348 4098 preoccupato
375 4023 477 4079 ordine
493 4023 641 4094 6666666),
666 4021 735 4093 quid
751 4022 792 4077 lui
806 4021 963 4092 contigerit
1018 4023 1149 4093 ejusdem
1163 4024 1324 4095 potestatis
1348 4025 1473 4080 modium
1490 4039 1581 4082 unum
1598 4041 1708 4086 avenae
1723 4030 1843 4100 exigeret

142 4111 397 4185 temporedcmini
421 4110 548 4167 Heinrici
576 4110 721 4183 episcopi.
753 4109 834 4165 (lirini
851 4110 962 4166 declina
1020 4126 1072 4183 pro
1086 4111 1843 4185 praedictismodiisvigintirepouendumdominicali

144 4202 317 4272 ubicumque
330 4200 426 4271 iaceat
455 4201 531 4256 intra
548 4197 686 4255 bannales
715 4199 853 4255 terminos
868 4199 962 4255 totius
1019 4201 1118 4256 ouriae.
1136 4201 1170 4255 Et
1182 4202 1243 4258 666
1254 4198 1384 4258 conditio
1400 4200 1513 4258 drmata
1529 4207 1576 4258 est
1589 4206 1844 4280 maximeposqep.

142 4289 264 4360 Gabelii,
280 4293 395 4345 constat
410 4301 476 4344 esse
488 4289 523 4342 ab
538 4286 659 4357 antiquo
674 4287 808 4342 ecclesiae
821 4288 898 4343 beati
910 4288 963 4343 llu-
1019 4288 1098 4345 tibus
1113 4289 1240 4359 villanis,
1259 4288 1306 4360 qui
1322 4303 1374 4361 per
1385 4290 1569 4349 exactionem
1588 4295 1758 4354 comitatus
1772 4295 1844 4355 nimie

142 4379 229 4436 berti.
254 4377 338 4449 apud
361 4374 460 4435 villam
474 4388 544 4432 vero
567 4373 722 4432 Fiscellum
737 4380 796 4448 (76)
812 4377 920 4433 excisis
934 4377 961 4432 iu
976 4335 1004 4399 D
1018 4377 1217 4448 gravabantur
1228 4377 1265 4432 ab
1284 4379 1443 4434 extraneis.
1456 4407 1490 4418 —
1504 4379 1566 4436 666
1578 4381 1674 4440 etiam
1689 4380 1845 4457 tompore²¹

142 4469 252 4525 tereste
280 4466 380 4536 sartis,
406 4464 528 4521 incunda
546 4464 584 4519 ibi
601 4467 777 4536 provenerat
793 4465 911 4521 messis.
932 4467 962 4521 lu
1021 4466 1181 4523 willelmus
1194 4479 1293 4523 comes
1315 4466 1546 4524 Normaunorum
1572 4468 1744 4530 debellatis
1758 4471 1848 4543 anglis

142 4558 217 4615 banc
233 4557 391 4627 irrepserat
416 4553 542 4610 latenter
567 4555 721 4625 Rnguenus
735 4552 864 4624 ciusdem
885 4553 962 4612 ville
1020 4555 1116 4611 laetus
1125 4558 1169 4611 est
1183 4569 1233 4609 rex
1243 4567 1342 4611 corum
1352 4571 1359 4619 ;
1371 4553 1430 4624 qul,
1444 4568 1479 4611 ne
1491 4554 1632 4624 ingratus
1639 4567 1728 4618 esset
1737 4559 1849 4618 bonoria

825 4679 942 4736 VARlAE
957 4678 1158 4738 LECTIONES.

174 4840 383 4899 ²⁸oxnniuot'.
442 4838 596 4896 ²lilllsl‘.
655 4838 855 4909 ⁸⁰justltiist.
914 4839 1129 4897 ³‘condiliot
1187 4838 1403 4898 ederetur.

935 4993 1044 5049 NOTAE.

176 5142 232 5211 (66)
246 5140 291 5197 le
303 5136 437 5206 Hostilia,
455 5135 571 5193 allluent
588 5138 624 5194 66
639 5135 665 5190 16
682 5135 788 5206 blense,
805 5135 852 5205 qui
870 5133 961 5206 prend
1059 5138 1109 5206 ’76)
1125 5134 1288 5192 neccaram.
1305 5137 1339 5192 u.

139 5221 171 5265 aa
186 5222 292 5268 source
307 5210 463 5265 au-dessus
477 5206 513 5262 de
528 5206 665 5263 Gedinne.
682 5207 714 5261 n.
1063 5211 1106 5275 71)
1124 5205 1190 5262 llaee
1207 5219 1299 5276 usque
1315 5207 1350 5263 ad
1375 5206 1589 5267 amittendum
1604 5215 1750 5280 66616666
1772 5223 1853 5280 acin

176 5278 243 5351 (67).
259 5278 279 5334 l.
296 5293 322 5336 e.
338 5281 498 5352 proprium,
516 5276 600 5335 modo
616 5275 753 5348 loquendi
766 5277 794 5333 iu
807 5278 859 5333 lion
870 5290 959 5348 opere
1015 5276 1092 5332 iuter
1107 5275 1243 5334 diracula
1266 5278 1295 5332 S.
1310 5277 1432 5335 liuberti
1455 5291 1481 5334 c.
1506 5281 1542 5336 28
1566 5278 1734 5364 leguntur,
1761 5293 1853 5352 ubios

140 5348 246 5420 passim
260 5349 357 5419 obvio,
375 5356 406 5407 ut
422 5365 448 5406 6.
466 5355 508 5404 to.
527 5350 554 5405 in
568 5349 634 5421 dne,
651 5363 677 5406 c.
693 5352 727 5404 2⁷
740 5348 832 5407 initio.
1016 5351 1117 5405 nostro
1131 5347 1231 5405 addita
1246 5361 1314 5406 6666
1329 5349 1477 5406 existimo.

185 5419 470 5566 &inemec
1051 5417 1571 5570 ligivfoffsssslnfflfsstfflitxmc.
