3788 5992
92 205 150 271 120

731 203 980 272 canonicam.
997 245 1035 256 —
1051 207 1117 273 LIB
1132 211 1154 273 l.

1731 224 1789 288 180

90 337 184 396 sancti
200 336 326 408 llartini,
339 337 376 395 dc
387 335 469 395 ltalia
481 335 561 395 vonit
572 337 600 393 iu
613 336 745 408 Galliam,
754 342 783 395 et
795 338 912 395 tuititer
926 337 955 400 A
969 340 1112 411 normate
1135 340 1237 401 diuino
1245 343 1502 418 masulsocuadc
1520 347 1714 424 triumphans,

91 427 171 484 illius
184 441 238 498 per
252 426 422 484 virdunum.
438 425 527 492 Quem
538 427 762 498 episcopus‚eui
776 426 913 482 leucano

1004 431 1067 487 Dos
1076 432 1182 502 partor
1200 433 1323 490 bannitis
1336 448 1373 490 ne
1390 435 1510 505 manant
1529 450 1611 492 error
1638 453 1711 496 crea.

90 514 153 572 uiea
169 514 256 584 jubet
270 530 370 571 omnes
385 515 542 586 suscipere,
561 515 684 584 benigne
705 515 846 585 suscepit,
864 515 915 570 bu·
967 517 1213 589 Deliclisrestcis,
1225 536 1302 593 qaus
1313 524 1416 591 celum,
1429 537 1515 594 eron,
1527 525 1784 599 amministrat,

91 615 177 658 mane
191 602 323 672 servivit,
341 608 370 658 et
384 603 498 659 viscera
514 617 603 673 super
617 617 682 658 curn
698 603 791 657 totius
808 601 915 659 sancti-

1004 605 1046 660 Εἰ
1056 607 1287 679 sactatpopaua
1303 609 1373 667 blac
1387 610 1479 681 cidus,
1496 612 1564 669 rade
1578 614 1665 684 states.

90 689 751 760 tatisetpietatisproocnsuetndinesuabona
765 689 912 760 patefecit.
967 694 1074 749 Sumit
1078 709 1195 767 percper
1208 711 1297 767 opem,
1312 699 1410 755 tristis
1422 713 1511 771 apem,
1525 702 1624 759 raudus
1634 704 1785 772 clariciam,

89 781 125 833 nt
141 778 193 834 ille
209 777 472 834 remunerationem
485 777 618 847 cogitans
632 793 683 848 pro
697 779 840 835 seruitute
852 791 915 833 sus-

90 869 340 936 cepta5eumroto
349 864 592 937 cxplcto.(bnnr.)
601 866 740 921 ricinum
753 863 915 921 rediensibi

89 953 249 1031 babitaret,
267 958 460 1010 consecratus
485 953 512 1008 in
536 954 744 1024 presbiterum,
761 959 792 1008 et
806 956 874 1024 post
888 951 915 1006 in

91 1036 224 1109 eiusdem
250 1041 332 1097 urbis
355 1041 537 1112 episcopum,
565 1045 595 1095 et
619 1044 697 1097 esset
722 1041 827 1098 doctus
854 1045 916 1094 arte

90 1128 294 1198 grammatica,
310 1129 473 1199 composuit
491 1129 529 1184 ibi
546 1143 662 1184 carmen
678 1129 705 1183 in
722 1127 807 1184 laude
824 1127 917 1198 ipsius

91 1215 273 1272 hexametris
303 1222 452 1286 comptum
483 1221 511 1272 et
544 1216 733 1286 pentametris
770 1215 914 1286 uersibus,

92 1317 167 1373 qnos
183 1303 228 1360 lrie
245 1303 422 1374 subjungere
437 1318 533 1375 operae
556 1303 686 1374 precium
712 1303 857 1359 duximus.
875 1304 916 1358 lta

90 1404 162 1459 ergo
176 1405 292 1447 carmen
311 1391 339 1446 id
356 1391 464 1447 dicitur
481 1410 488 1445 ε

129 1491 207 1550 Urbs
223 1491 617 1563 Virdaamdreciaqaomcis
628 1492 786 1550 claudaris
797 1493 829 1549 ia
839 1490 916 1558 arde,

127 1579 288 1651 Pontificio
304 1580 420 1637 maltis
435 1580 621 1651 amplificata
629 1579 741 1651 places.

91 1666 196 1740 Major
209 1668 244 1724 ia
258 1668 385 1738 ernnusto
392 1668 562 1741 prasutpet
569 1668 675 1739 arctio
685 1681 771 1740 pyro,

127 1757 264 1826 aperire,
280 1757 359 1825 tuus,
376 1748 466 1828 quam
480 1757 579 1826 monia
594 1756 686 1812 aucit
696 1757 797 1813 dcam.

94 1843 237 1901 Plurima
250 1857 431 1914 mancorum
438 1844 558 1916 [adlati
572 1842 687 1900 semino
705 1843 836 1912 laudum,

129 1933 201 1997 Qrcoe
213 1932 337 1988 metuero
351 1946 437 2004 opere
443 1932 613 2005 fertilitate
626 1933 725 1990 metes.

96 2020 234 2091 dampere
243 2023 391 2092 prasenti
403 2022 514 2078 ciatrem
525 2021 651 2090 lerninis
665 2021 774 2091 earnis.

129 2107 213 2164 Unde
219 2108 337 2180 sutura
352 2108 415 2166 dica
436 2107 653 2178 centuplicabit
665 2122 740 2179 epea.

91 2197 251 2266 Dapmolir
264 2196 392 2253 aradaei
403 2209 519 2253 reacroa
529 2196 703 2267 pcactrclic
716 2196 823 2270 postor
838 2216 847 2250 :

127 2285 196 2342 Nara
208 2285 305 2341 sclam
320 2284 456 2356 daptbus,
467 2284 572 2355 porcia
585 2283 614 2339 et
634 2298 684 2340 cre
696 2298 809 2355 crepes.

96 2373 217 2444 Templa
229 2373 346 2431 catusio
358 2387 460 2443 novos,
473 2372 638 2443 preciosius
653 2374 680 2428 el
706 2387 781 2428 acac
805 2370 917 2441 condis,

130 2461 254 2518 culcior
269 2463 315 2519 eat
326 2462 448 2519 Domini
464 2461 490 2517 te
497 2461 674 2532 famulante
688 2460 799 2517 domna.

96 2549 244 2620 Berenice
251 2550 355 2620 scater
367 2550 449 2606 socri
465 2548 655 2621 baptismalia
672 2548 780 2619 captes,

134 2638 208 2693 Tam
215 2638 275 2709 pic
291 2637 392 2694 divino
398 2636 487 2710 sante
500 2636 631 2709 repletas
646 2638 726 2706 cais.
775 2670 785 2687 a

99 2724 241 2783 candidu
255 2724 370 2782 aimaro
383 2725 491 2782 radiat
501 2725 552 2781 laec
574 2724 648 2780 aulo
672 2736 774 2781 aercae
788 2742 798 2778 .-

129 2813 173 2868 at
183 2813 212 2869 ai
227 2812 397 2885 salfaaiut,
411 2812 460 2870 laic
472 2811 654 2868 monetario
666 2811 738 2869 alles.

96 2899 143 2956 nd
152 2913 228 2957 noco
245 2901 355 2971 tempta
368 2901 456 2958 acide
470 2900 653 2957 concurrunt
663 2900 797 2970 crudique
805 2897 917 2970 plebea,

130 2989 174 3045 nt
186 2987 298 3046 bibula
307 2987 431 3059 papulis
440 2990 513 3059 plur
529 2989 562 3044 ira
574 3001 671 3043 amora
691 2990 793 3043 Deum.

99 3075 137 3132 Te
147 3075 284 3132 solamen
294 3076 379 3147 inops
392 3076 510 3145 meruit,
525 3075 552 3131 tc
565 3074 663 3132 raudus
679 3075 828 3132 amictam.

131 3163 175 3219 Bt
188 3162 270 3220 uolua
284 3163 402 3220 coactis
410 3164 501 3235 potos
524 3164 554 3218 et
573 3176 640 3220 eaeo
652 3175 764 3219 aenaea.

98 3249 197 3320 Falla,
210 3250 265 3323 qui
277 3251 396 3308 meritis
419 3252 534 3308 clerae
557 3251 633 3308 lucia
651 3251 778 3320 amator,

135 3339 274 3410 conpara
283 3340 353 3410 jam
365 3339 479 3395 amdtcc
495 3353 555 3395 aon
576 3339 724 3394 martura
741 3351 848 3409 paros.

96 3424 216 3483 Paetus
231 3427 387 3482 arelatum
396 3426 553 3498 suspendit
562 3427 596 3482 irc
607 3426 709 3482 attere
720 3439 849 3495 cursum,

130 3515 234 3570 Perua
248 3512 457 3587 ctipaiserum
477 3514 598 3584 speruit
610 3513 722 3582 ubique
730 3512 826 3581 jacar
840 3530 851 3567 .·

95 3600 216 3673 Effusis
238 3602 338 3658 radiis
355 3602 447 3656 totum
461 3601 521 3658 aidi
536 3601 677 3657 aeaadtcat
690 3600 796 3669 nibem,

132 3687 495 3760 (l'ol.lb')d{aates‚plcnc
504 3688 825 3758 repleaa‚a'monctolta
836 3687 921 3743 tenet.

96 3774 155 3833 Sic
162 3775 280 3848 praem
292 3775 449 3847 splendore
466 3776 563 3832 crciari
580 3789 646 3832 curra
667 3775 727 3831 scta
753 3775 921 3843 clarescas,

133 3864 195 3921 Ille
209 3862 274 3920 auia
286 3862 388 3920 radiis
396 3863 510 3934 sulcet,
525 3863 553 3917 ct
575 3862 640 3932 ipae
655 3861 725 3931 tuis,

99 3950 227 4021 nerim
238 3963 333 4019 amer,
354 3951 441 4020 cujus
454 3962 586 4006 aermnae
600 3948 710 4005 calcata

135 4036 278 4095 lienteria
291 4036 578 4108 acuemafertib'tutc
593 4035 726 4106 placcat,

102 4123 242 4183 amena
255 4124 371 4181 sterilia
382 4123 480 4192 relus,
487 4122 619 4196 secunda
632 4120 780 4192 superata,

136 4211 255 4270 Cannio
268 4211 518 4282 catacumbas,
532 4209 614 4267 diora
636 4209 716 4265 itura
728 4209 816 4279 potis.

100 4297 259 4356 Illeeelrio
270 4299 409 4368 mundus,
424 4297 531 4354 mundi
546 4295 662 4353 tusciae
683 4297 838 4366 repellens,

136 4384 197 4443 Nil
209 4386 259 4442 cat
271 4385 536 4457 subipaitcoraia
550 4397 674 4440 omarus
687 4397 779 4439 amar.

99 4471 231 4531 Latrim
240 4471 425 4544 cumopcrit,
433 4484 614 4544 aequantem
626 4471 661 4527 de
671 4468 922 4542 ariminenoudet,

138 4559 216 4618 Cum
228 4561 282 4617 tua
296 4559 412 4617 delictis
427 4559 523 4616 libero
543 4557 666 4615 mandra
688 4559 779 4616 oldas.

102 4647 143 4704 Ira
155 4648 274 4719 tempta
283 4646 448 4704 tarataram
459 4647 524 4717 prta
536 4647 582 4704 sic
590 4660 689 4717 purus
704 4646 834 4716 tuteris,

140 4735 183 4790 Ut
194 4735 248 4792 tae
260 4733 359 4803 cada,
369 4735 469 4805 pater,
484 4734 548 4790 aiat
557 4735 612 4803 piu
628 4735 737 4804 tempto
752 4736 817 4790 Det.

100 4821 208 4893 naua
220 4822 254 4878 ia
270 4821 326 4878 toli
340 4834 372 4878 ac
387 4821 528 4879 ebriatur
547 4834 618 4876 ausc
630 4821 767 4888 recanat·

140 4911 238 4976 Quam
250 4908 311 4966 aidi
319 4908 475 4981 parcoatt,
483 4906 620 4979 possidet
642 4909 705 4977 ipsc
726 4907 851 4963 damam.

103 4997 174 5056 Noa
187 4996 275 5053 dalea
286 4997 321 5052 ia
334 4994 396 5052 toli
410 5007 436 5063 a,
450 5007 509 5050 aaa
521 4994 674 5066 sanifera
687 4994 794 5051 aalide
806 4994 925 5064 menda,

136 5085 279 5142 Sinoria
288 5082 401 5139 animia
414 5081 523 5137 emaci
532 5081 565 5136 iu
578 5093 630 5137 ore
643 5080 715 5137 dica.

102 5171 317 5243 bertilanam
323 5169 441 5242 stamen
453 5168 577 5225 caliculi
583 5168 673 5241 sonte
689 5166 841 5241 refundis,

137 5259 184 5318 Bt
193 5270 301 5315 arnam
310 5257 429 5315 steriles
442 5268 510 5314 toea
521 5254 643 5326 riacatc
649 5256 748 5328 socca.

102 5343 211 5406 ardua
225 5344 365 5403 mbram
372 5342 488 5416 pandis
512 5343 650 5401 misterio
671 5343 770 5415 terris,

139 5432 202 5494 Per
214 5430 381 5505 accuratur
392 5429 628 5502 Domlamuclt,
640 5429 733 5501 baut.
744 5431 821 5503 orat,
834 5433 926 5494 cacat.

1006 782 1112 838 Omnia
1126 784 1278 856 quidquid
1290 785 1382 843 brebes
1395 787 1529 846 emradius
1549 791 1713 862 cssesacis.

970 870 1100 925 Hirtii
1119 870 1209 941 lotape
1231 873 1315 929 solus
1333 875 1463 944 mancat,
1481 877 1553 932 lieet
1568 877 1640 934 inde
1652 879 1786 950 saturo:
1811 898 1817 908 ·

1007 958 1102 1030 Atque
1117 957 1170 1015 dtu
1177 962 1283 1031 postor
1290 976 1347 1032 pro
1358 975 1449 1032 arcae
1463 965 1531 1020 cetu
1537 967 1654 1036 serena.

1008 1137 1076 1191 Cum
1093 1135 1182 1205 igitur
1199 1137 1404 1208 prolongatum
1429 1141 1497 1197 vitae
1520 1140 1607 1210 hujus
1631 1143 1788 1201 incolatum

973 1229 1094 1278 mortem
1111 1224 1326 1280 delectabiliter
1340 1232 1497 1296 expectans
1514 1228 1561 1285 diu
1578 1231 1790 1300 patientissime

972 1311 1154 1380 pertulisset,
1163 1317 1191 1366 ct
1205 1312 1318 1382 piandus
1334 1313 1500 1384 impositum
1515 1316 1570 1371 diei
1587 1323 1616 1372 ct
1632 1325 1722 1374 aestus
1740 1334 1790 1391 spo

973 1399 1565 1473 salutariinfatigabiliterdeportasset,et
1579 1404 1792 1477 lacrimasque·

974 1501 1028 1557 que
1044 1487 1206 1543 crescentis
1216 1488 1324 1543 cotidie
1336 1489 1474 1545 desiderii
1485 1506 1575 1561 panes
1587 1494 1668 1549 bcnae
1681 1509 1713 1550 ae
1726 1494 1790 1551 lota

972 1575 1184 1631 consolationis
1196 1576 1692 1647 lrabuisscl‚vidrnsiuirnicussucs
1703 1583 1793 1638 ricto·

911 1728 912 1732 Ἰ
931 1662 1016 1750 Bria
1033 1663 1170 1719 vitiorum
1188 1664 1347 1720 scabellum
1372 1665 1477 1735 pedum
1503 1682 1631 1732 suorum,
1646 1669 1793 1739 gaudebat

974 1752 1067 1808 anima
1083 1754 1146 1823 ejus
1163 1752 1189 1806 in
1206 1753 1336 1821 Domino,
1349 1758 1375 1807 et
1389 1754 1540 1810 exultabat
1556 1756 1679 1826 spiritus
1691 1757 1754 1828 rjus
1765 1757 1793 1814 iu

974 1841 1031 1895 liro
1047 1839 1169 1896 salutari
1185 1855 1248 1895 suo.
1266 1841 1384 1896 Vincula
1410 1846 1533 1898 terrenae
1556 1844 1640 1900 molis
1664 1843 1794 1909 arariam·

974 1927 1791 2004 tolerabat‚etquantoviribuscorporisdestituebatur,

973 2020 1056 2071 tanto
1072 2016 1161 2084 magis
1175 2016 1340 2071 libertatem
1354 2018 1525 2086 promissam
1537 2019 1661 2089 amplius
1672 2019 1793 2076 sitibat

973 2117 1037 2159 curn
1052 2103 1186 2173 apostolo
1201 2104 1301 2159 dicens
1319 2124 1324 2157 :
1343 2105 1584 2177 samaritanici,
1602 2108 1632 2163 et
1648 2122 1710 2165 esse
1728 2123 1795 2166 eum

975 2191 1094 2247 Utristo
1113 2191 1205 2247 multo
1219 2195 1318 2262 monis
1331 2195 1438 2250 arcellus
1454 2194 1625 2267 (Philippa,
1640 2203 1696 2264 23).
1711 2195 1793 2263 Quod

973 2293 1026 2349 per
1039 2280 1188 2350 specuium
1204 2280 1231 2334 in
1248 2281 1391 2350 enigmate
1409 2283 1466 2351 jam
1492 2298 1578 2338 senex
1595 2298 1629 2339 ac
1644 2285 1792 2341 lassabun-

973 2367 1028 2423 dus
1039 2369 1167 2436 tcncbat,
1177 2367 1232 2422 boc
1244 2369 1342 2423 uidere
1354 2369 1474 2424 ardebat
1487 2384 1538 2440 pcr
1550 2373 1687 2441 speciem.
1698 2374 1795 2428 Bonus

973 2461 1069 2511 autem
1082 2455 1793 2529 [lominusmessisdifl'crebutsuccisiorrein,ouia

974 2548 1167 2613 opportunam
1185 2549 1339 2598 noveratct
1349 2543 1737 2615 disponebatinmunitatem.
1749 2546 1794 2601 Vi-

973 2631 1127 2686 derateum
1139 2630 1332 2702 etadjurcrat
1343 2633 1371 2686 in
1385 2633 1437 2688 bac
1449 2632 1541 2687 hicine
1554 2646 1656 2703 aspera
1670 2634 1795 2705 pernici·

973 2718 1793 2790 tcrdcsuda'sse‚ventostemptationum‚pruinastribula·

973 2807 1093 2874 tionum,
1108 2807 1463 2877 adustionesvuluptatum
1477 2822 1643 2878 superasse,
1654 2816 1683 2864 et
1695 2810 1792 2879 praui·

974 2892 1029 2949 dus
1044 2900 1210 2950 sanctarum
1227 2895 1368 2950 uirtutum
1379 2896 1507 2965 agricola
1521 2899 1645 2952 l'ructum
1656 2897 1795 2968 multipli-

974 2998 1035 3039 cein
1049 2989 1135 3039 terrac
1149 2984 1230 3038 bouae
1243 2983 1395 3038 differebat
1413 2985 1575 3052 succidero,
1586 2984 1795 3055 plenitudinem

975 3070 1231 3141 cjusaccumulans
1246 3071 1434 3141 inpatientia.
1447 3072 1797 3142 appropinquaviligitur

976 3173 1098 3229 vespera
1115 3159 1226 3227 rarortis,
1238 3164 1268 3212 ct
1283 3160 1425 3234 gaudens,
1448 3174 1480 3214 ac
1499 3160 1715 3229 praeteritorum
1728 3173 1796 3228 qaro-

977 3246 1296 3316 dauunodoirnmemor,
1306 3247 1331 3300 in
1344 3247 1490 3300 anteriora
1499 3245 1713 3300 secuteudcbat
1725 3259 1797 3317 praa·

978 3345 1087 3404 paratae
1096 3333 1276 3404 pausationis
1288 3335 1463 3390 dcuariurna
1484 3338 1565 3405 patra
1579 3333 1702 3387 laruilias
1712 3347 1796 3404 repo·

978 3435 1062 3478 scens
1075 3426 1166 3491 pactae
1179 3437 1212 3476 ac
1224 3422 1272 3476 diu
1283 3427 1446 3492 expectatae
1459 3422 1610 3476 mercedis.
1623 3423 1681 3476 Nora
1695 3421 1797 3476 ielcllit

977 3522 1043 3564 eum
1055 3507 1114 3576 (tal.
1129 3512 1185 3580 ab.)
1200 3509 1260 3579 spei
1276 3523 1381 3565 ancora
1396 3510 1530 3566 omnibus
1548 3510 1629 3564 firma
1645 3509 1794 3580 periculis,

978 3601 1006 3650 et
1023 3597 1131 3652 veritas
1147 3597 1181 3651 dc
1196 3598 1397 3667 promissionis
1414 3598 1583 3653 rurrrbraculo
1609 3597 1753 3668 processit
1769 3597 1797 3652 in

979 3682 1082 3740 lucem.
1100 3686 1205 3739 Tactus
1220 3687 1295 3740 cuim
1320 3686 1500 3755 digladiabili
1526 3691 1605 3740 sorte
1630 3691 1751 3752 naturas,
1769 3687 1800 3739 el

979 3776 1076 3827 sciens
1092 3773 1147 3827 sibi
1163 3773 1315 3830 discidium
1331 3775 1465 3844 corporis
1476 3779 1505 3829 ct
1517 3775 1619 3829 animae
1631 3771 1798 3844 superveni·

980 3874 1021 3929 re,
1035 3860 1184 3915 conlidens
1196 3861 1222 3915 in
1233 3862 1357 3932 De0,qui
1370 3867 1467 3933 potest
1477 3864 1638 3917 etanimam
1651 3869 1679 3917 ct
1690 3873 1799 3931 eorpus

978 3948 1102 4018 perdere
1114 3953 1142 4001 el
1153 3949 1277 4017 salvare,
1291 3950 1444 4004 convocari
1454 3950 1543 4018 jussit
1555 3964 1655 4004 omnes
1667 3947 1799 4004 ecclcsiae

980 4047 1039 4089 suae
1059 4034 1132 4088 salios
1147 4041 1176 4089 et
1186 4036 1212 4089 in
1224 4035 1365 4091 aecclesiae
1377 4036 1520 4105 unctiores,
1533 4042 1562 4091 ct
1573 4042 1712 4091 consucta
1724 4033 1800 4091 salu-

980 4119 1796 4191 tisdocumcumrcplicans,senumilliscainnendans,ad

979 4206 1111 4263 ultimum
1125 4205 1162 4261 ait
1180 4208 1276 4263 tutirra
1292 4212 1485 4278 pronuntians
1498 4230 1504 4263 ι
1519 4210 1651 4266 Sabdata
1664 4209 1799 4278 centurn,

980 4295 1800 4368 tilikarissimipnnpacmscitatestaturamserenitatem

937 4374 965 4436 D
980 4383 1802 4442 cccli.ScrenissimrcaruimsodlctiDamiauamilrisarco

979 4471 1125 4542 sucfldcli
1137 4471 1384 4528 duditsuldatum
1393 4473 1599 4544 requietionis,
1613 4475 1641 4527 ei
1651 4473 1802 4542 pertesum

980 4557 1266 4615 ludcrcscadtcrum
1277 4560 1368 4630 bajus
1378 4561 1480 4630 saculi,
1495 4560 1663 4632 iaacptc'rnc
1678 4558 1743 4615 siae
1756 4569 1803 4613 ce·

978 4644 1803 4719 apereananilobcrelibcrambaaspcrtndst.Tarracini-
1840 4664 1847 4679 .

980 4734 1031 4789 tra
1046 4732 1147 4802 motat,
1163 4734 1337 4804 quadranae
1348 4736 1532 4803 estredtitc;
1542 4748 1612 4790 nam
1626 4734 1714 4801 Deus,
1738 4731 1785 4786 cit

979 4822 1139 4892 mcoacctp
1154 4823 1442 4894 etquattnsptrcaa
1446 4824 1594 4895 infaciem
1600 4833 1695 4876 mcum
1706 4803 1803 4890 ababa2

980 4911 1162 4966 columella.
1174 4910 1805 4983 roseciumacaaaomaareaatauncproaa-

981 4995 1195 5065 discaltiatus,
1205 4997 1438 5069 utnuraquamc
1451 4998 1593 5052 mercorio
1611 4995 1713 5051 aestro
1728 5007 1805 5050 rece·

981 5083 1521 5154 autemsaepeetutiqueaadiscum
1531 5086 1584 5152 est,
1596 5072 1749 5139 Dorulaus.
1760 5081 1805 5138 oi·

981 5170 1264 5242 cebatbaecaliaquc
1277 5169 1524 5242 similia‚ctquasi
1537 5169 1571 5226 ad
1583 5173 1691 5241 pascba
1705 5183 1805 5242 super·

982 5263 1136 5316 venturum
1150 5273 1180 5316 se
1189 5273 1367 5330 preparans,
1376 5258 1479 5314 sordes
1490 5261 1519 5314 et
1531 5257 1665 5328 contagia
1675 5258 1805 5315 circuns-

897 5361 905 5373 ·
981 5346 1806 5418 tanliumalquelugentiumsaeraatrnultimataammo·

984 5433 1505 5508 malanealucaaa3naacdcbiaqua
1516 5433 1807 5509 radaquabatmastl·
