3788 5992
74 221 136 304 ece
517 221 737 286 canonice.
755 255 792 266 -
810 213 1048 281 cnaoutccu
1072 215 1347 282 curvuasaca.
1723 215 1784 278 are

74 359 186 416 sionem
212 357 277 414 beni
304 355 399 427 angeli
415 358 450 413 de
471 373 652 428 quacumque
678 355 762 413 deme
783 354 899 424 januam
916 352 941 412 A
959 351 1073 408 aerariae
1093 351 1317 422 h1·nnlqu,bee
1338 349 1480 420 amabilis,
1498 348 1545 421 qui
1563 347 1666 406 relicte
1682 347 1782 407 seculo

76 447 272 520 percutiebat,
283 447 338 504 alia
349 447 395 502 die
405 462 505 502 earnes
517 447 693 503 herniaeedc
703 447 803 501 eadem
816 445 901 502 deero
961 444 1061 509 postca
1077 440 1235 512 episcopus
1255 441 1349 496 factus
1363 443 1422 496 cst.

76 538 289 595 moriebantur.
308 539 376 594 l'ost
393 537 578 593 luccenidam
591 536 698 591 homini
711 537 787 591 berae
799 549 852 606 per
863 535 903 589 ui·
996 529 1172 586 Cunibertus
1192 545 1260 586 vero
1274 533 1425 601 postquam
1444 527 1575 598 regnauit
1592 527 1673 583 annis
1691 530 1722 583 la
1737 543 1784 584 so·

75 626 186 683 sionem
203 627 313 682 dietum
326 632 381 695 cst,
399 627 475 696 quod
490 627 550 697 ipsa
564 625 729 681 mortalitas
742 640 796 680 noa
808 638 904 681 cessa·
960 615 1005 672 las
1022 621 1085 687 pest
1102 623 1224 673 mertem
1244 618 1347 689 patrie,
1371 620 1503 673 mortuas
1524 621 1579 687 cst,
1602 631 1782 686 regnataque

77 721 133 787 rot,
159 715 212 772 nisi
229 716 257 771 ia
274 715 407 772 :ecelesia
434 715 527 771 sancti
554 715 632 770 l‘ctri
649 730 712 785 quae
728 713 835 771 dicitnr
861 712 903 769 Ad
961 705 1019 761 frlio
1030 721 1081 762 sne
1095 708 1228 778 lioperto
1238 707 1331 762 adhuc
1343 705 1590 777 pamuledirnisit,
1603 706 1784 777 cuidspraa·

76 801 191 858 vincula
214 800 402 856 dedicaretur
422 798 513 856 altare
531 799 686 856 inhonore
707 799 799 854 sancti
817 799 904 854 Seba·
960 793 1027 850 dum
1044 796 1137 852 uirum
1152 796 1313 867 sapientem
1331 794 1504 850 nutritorem
1524 795 1691 850 coustituit.
1712 795 1782 850 Post

76 890 165 946 stiani
181 891 326 961 martyris.
346 891 408 956 Quo
420 891 504 959 facte,
520 887 831 946 rarortalilaseessarit.
960 888 1027 940 octo
1048 899 1163 941 menses
1185 885 1379 955 fleginpcrtus
1395 883 1452 939 drrx
1466 882 1683 939 Tarninensium
1703 882 1783 939 uenit

112 980 226 1035 interea
244 993 296 1033 rex
313 979 585 1036 Clumibertnscurn
598 978 720 1048 quedam
735 977 903 1034 fidelissimo
960 988 1024 1029 cunr
1041 974 1172 1030 exercitu
1190 975 1330 1029 calluersus
1350 974 1530 1044 hsprandnm
1547 977 1575 1026 et
1592 973 1782 1029 lluotharium

77 1084 132 1124 sue
154 1060 325 1124 consiliatus
345 1073 387 1124 est
411 1069 555 1138 quomedo
572 1066 710 1123 aldonem
729 1071 757 1122 ct
780 1067 904 1122 Granse·
960 1061 1050 1118 ducos
1075 1061 1323 1132 Pergamensium,
1340 1065 1369 1116 et
1387 1076 1517 1132 pugnans
1541 1076 1606 1116 enm
1631 1060 1684 1129 cis,
1711 1060 1782 1116 uicit

77 1173 141 1213 nera
152 1155 312 1213 occideret.
328 1158 457 1227 cunique
467 1158 502 1212 de
512 1157 564 1212 hae
577 1172 607 1212 rc
620 1157 696 1212 inter
708 1171 739 1211 sc
751 1155 904 1226 loqueren-
960 1165 1021 1222 ecs,
1036 1157 1066 1207 ot
1082 1152 1273 1223 apprehendit
1290 1166 1426 1221 reganm;
1444 1150 1493 1206 sed
1510 1149 1611 1205 codem
1623 1164 1697 1204 anne
1709 1163 1783 1205 ruer·

75 1252 135 1317 tur,
149 1250 260 1303 stantes
273 1262 363 1318 prope
377 1247 535 1302 fenestram
548 1246 702 1318 quandam,
714 1245 811 1301 subite
824 1245 850 1299 in
865 1246 904 1301 fe·
961 1244 1028 1296 tuns
1053 1245 1106 1296 est.
1134 1241 1221 1312 Cujus
1246 1240 1323 1297 filius
1350 1242 1504 1311 hupertus
1520 1239 1626 1295 iterum
1642 1237 1782 1310 pugnauit

75 1340 173 1392 nestra
188 1335 236 1391 illa
248 1350 347 1391 musca
359 1337 503 1391 consedit.
517 1338 605 1403 Quam
618 1335 815 1392 chunibertus
827 1334 903 1389 oeci·
959 1329 1101 1386 adsersus
1114 1329 1279 1400 liopertum
1292 1345 1389 1400 regern
1401 1330 1477 1400 apud
1489 1328 1615 1383 Ticinum
1627 1333 1656 1383 ei
1668 1328 1783 1399 lioper-

75 1425 146 1480 dcrc
161 1424 273 1495 rolens,
290 1440 355 1482 cnm
372 1425 505 1495 cultello,
528 1424 605 1496 qued
624 1425 650 1479 in
668 1439 751 1480 manu
772 1424 900 1492 tenebat,
961 1424 1019 1475 tum
1039 1419 1177 1489 inpugna
1194 1419 1289 1476 vivum
1305 1419 1510 1490 apprehendit,
1527 1417 1698 1488 hsprandns
1713 1432 1782 1474 uero

75 1513 178 1583 pedem
200 1511 279 1569 illins
299 1518 411 1570 tanturn
433 1514 613 1569 abscidebat.
636 1514 765 1583 Curtaque
785 1510 857 1567 hlde
874 1514 902 1567 el
960 1508 1088 1563 nutriter
1101 1510 1164 1578 ejus
1177 1509 1203 1563 in
1217 1508 1338 1564 insulana
1357 1507 1539 1563 Cataracinam
1556 1507 1639 1576 surgit.
1656 1507 1719 1562 Dux
1734 1521 1783 1562 au·

76 1605 189 1658 lirense
205 1603 240 1658 ad
258 1600 398 1674 palatium
418 1603 496 1673 regis
515 1604 667 1659 tenderent
682 1607 709 1657 ct
724 1602 782 1672 jam
800 1615 903 1672 appre-
959 1600 1017 1652 tem
1030 1597 1282 1652 lluetlnninseum
1295 1597 1419 1652 redisset
1432 1598 1611 1664 l‘ergamurn,
1627 1596 1782 1666 aripertus

76 1691 262 1762 pinqnarent,
280 1693 409 1747 ebriavit
420 1692 464 1747 eis
475 1708 549 1748 unns
565 1693 650 1747 lionae
665 1691 738 1762 pede
752 1694 899 1759 truncato,
917 1720 943 1778 Η
959 1701 1024 1741 cum
1040 1700 1142 1754 magno
1161 1686 1294 1742 exercitu
1311 1685 1427 1741 obsedit
1443 1688 1471 1739 et
1488 1684 1666 1754 expugnarit
1681 1683 1783 1739 civita-

74 1783 105 1834 et
122 1779 195 1836 dixit
211 1779 255 1837 eis
270 1781 347 1850 quod
368 1780 564 1836 Chuniberlns
584 1795 635 1836 rex
656 1779 745 1835 uellet
761 1794 812 1835 eos
826 1779 902 1835 oeci·
962 1780 1027 1844 tcta,
1055 1773 1294 1846 apprehensoque
1315 1773 1484 1841 haetheum,
1513 1773 1581 1828 feeit
1609 1773 1670 1828 radi
1694 1776 1783 1843 eaput

75 1869 156 1925 clere.
169 1871 227 1925 llec
240 1869 281 1924 illi
294 1870 458 1941 audientes,
477 1872 612 1939 fugerunt
625 1869 652 1923 in
663 1868 827 1925 aecclesiam
839 1883 903 1924 san·
959 1863 1022 1932 eius
1037 1867 1067 1918 et
1084 1865 1211 1935 barbam,
1228 1869 1255 1920 et
1271 1862 1401 1919 exiliavit
1415 1877 1491 1933 cunr,
1509 1861 1556 1918 ubi
1574 1865 1640 1932 post
1653 1860 1783 1932 aliquau-

74 1958 115 2013 eti
128 1957 247 2014 Romani
261 1959 447 2030 martyriam
459 1959 676 2016 absconderunt
689 1973 719 2013 sc
732 1962 798 2028 post
809 1957 902 2013 altare
960 1959 1020 2008 tura
1037 1956 1151 2024 tempus
1173 1955 1304 2009 ruoreuus
1320 1957 1375 2008 est.
1394 1952 1559 2022 liopertum
1575 1966 1644 2006 vcro
1661 1965 1782 2022 puerum

76 2046 172 2118 ipsius
185 2047 335 2104 aecelcsia.
355 2049 482 2119 Caraaque
500 2048 553 2103 hec
571 2047 631 2117 regi
650 2047 816 2103 nunciatum
835 2045 903 2102 fnis-
960 2041 1038 2095 misit
1055 2041 1081 2096 in
1100 2041 1244 2111 balaeum,
1260 2047 1289 2096 el
1305 2041 1413 2097 elausit
1430 2041 1546 2112 januam
1568 2055 1657 2112 supcr
1675 2041 1780 2112 ipsum,

74 2139 130 2207 set,
146 2137 245 2192 statim
262 2137 376 2194 vaeavit
393 2138 428 2193 ad
444 2152 475 2193 se
491 2137 572 2193 illum
590 2136 790 2193 fidelissimum
806 2151 899 2207 suum,
959 2131 1059 2201 sicque
1075 2131 1162 2186 nimio
1176 2130 1273 2187 calore
1290 2137 1423 2188 mortuns
1438 2134 1496 2186 est.

75 2224 123 2280 cui
137 2223 192 2281 hec
203 2224 257 2281 seli
269 2225 448 2297 crediderat,
459 2231 488 2281 et
501 2226 609 2281 dixitci
621 2245 626 2279 :
640 2225 903 2291 Quareeonsittcm
995 2220 1150 2290 daipertus
1166 2224 1262 2275 autem
1278 2237 1341 2276 curu
1360 2234 1481 2276 securus
1494 2219 1551 2289 jara
1569 2225 1717 2290 regnaret,
1733 2235 1782 2291 ap·

74 2327 173 2370 meum
188 2313 344 2372 credidisti
359 2316 535 2385 eademnque
549 2316 681 2372 baradati
697 2314 747 2370 llle
763 2330 827 2371 eum
846 2320 902 2369 tre·
959 2309 1111 2380 prehendit
1124 2309 1337 2380 sigibrandum,
1351 2308 1438 2364 filiuni
1450 2309 1602 2380 asprandi,
1613 2313 1641 2365 et
1651 2324 1781 2366 exercea-

75 2416 157 2458 mere
182 2402 336 2475 respondit
358 2423 364 2459 ;
385 2404 509 2461 Derniac
528 2405 569 2460 nri
587 2419 652 2475 rec,
669 2406 706 2466 ,ia
724 2405 794 2473 scis,
815 2405 899 2475 quic,
959 2399 1371 2470 uitouraetornnesparentes
1380 2398 1500 2469 ejusper
1509 2398 1624 2455 diversa
1635 2403 1780 2457 tormenta
1804 2418 1806 2423 ⁴

71 2491 234 2563 postquam
252 2493 344 2552 aricii
365 2494 479 2551 locutus
493 2507 532 2565 es,
553 2510 709 2567 rirtrrprtaan
724 2494 759 2550 de
774 2495 823 2550 tuo
837 2509 902 2553 cort·
958 2488 1069 2559 afflixit,
1092 2488 1300 2559 liutprandum
1318 2493 1425 2560 autem,
1444 2488 1534 2544 lilium
1550 2488 1613 2558 ejus
1630 2489 1779 2562 minorem,

73 2582 277 2654 spectnsorde
297 2582 389 2653 edici,
407 2583 437 2640 ei
453 2583 595 2654 quomode
611 2583 773 2642 baculique·
788 2583 901 2642 homine·
960 2577 1053 2633 tenuit
1070 2577 1097 2632 in
1117 2592 1251 2644 carecre;
1278 2581 1305 2633 ct
1330 2578 1396 2647 quia
1422 2577 1515 2633 adime
1541 2583 1605 2633 crat
1628 2577 1779 2650 puerulus,

75 2664 173 2723 dicere
195 2667 297 2736 poteri?
321 2669 399 2724 Tune
421 2683 471 2724 rex
493 2669 638 2725 mandavit
661 2671 693 2724 al
716 2669 855 2725 hidonem
872 2674 900 2725 et
958 2682 1111 2737 persenam
1126 2669 1189 2738 ejus
1206 2666 1349 2738 despexit,
1365 2671 1394 2723 et
1411 2668 1540 2723 noluitoi
1553 2669 1648 2724 faeere
1663 2668 1780 2739 aliquod

76 2754 264 2825 Gransoaem,
278 2756 391 2827 utquid
404 2757 431 2813 ιιι
444 2758 604 2814 aecclesiam
621 2758 773 2828 fugissent.
793 2759 845 2825 Qui
858 2774 902 2815 re·
958 2757 1073 2827 malurn,
1096 2758 1215 2830 insuper
1236 2756 1344 2812 diruisit
1361 2772 1425 2812 eum
1443 2757 1484 2812 irc
1500 2759 1533 2813 ad
1551 2762 1662 2829 patrem
1679 2774 1776 2815 suurn.

75 2843 256 2913 spenderuat
269 2863 275 2898 :
289 2845 368 2910 Quid
379 2846 902 2918 audicimusquodreanoscccidcre
958 2847 1050 2915 igitur
1067 2847 1262 2918 liutprandus
1277 2846 1355 2902 venit
1367 2846 1402 2902 ad
1416 2852 1526 2917 patrem
1542 2864 1624 2904 snum
1640 2849 1666 2903 in
1684 2849 1781 2904 bana-
1864 2843 1867 2849 ’

75 2930 173 2989 celici.
199 2932 306 2989 lterum
333 2934 481 2991 aaraadarit
499 2935 533 2990 ad
554 2951 604 2992 ees
629 2951 690 3007 rex,
717 2937 901 3007 interrogans
958 2936 1041 3007 riam,
1060 2951 1115 3007 que
1129 2936 1189 3006 ipse
1198 2935 1256 3005 jam
1273 2936 1380 2991 dudum
1398 2937 1511 3005 fugerat
1526 2936 1648 2992 euadma
1665 2937 1781 3009 driper-

76 3019 197 3090 quiseis
212 3019 267 3078 hoc
279 3023 441 3094 nunciaret,
456 3028 484 3080 et
496 3024 569 3080 dixit
586 3026 662 3095 quod
678 3027 801 3097 gratiam
819 3042 900 3084 suam
959 3030 1029 3096 turn,
1056 3026 1091 3081 ad
1116 3025 1218 3081 ducem
1240 3023 1481 3095 Theodchcrtura,
1508 3026 1650 3097 stetitque
1665 3044 1729 3084 curn
1745 3043 1780 3084 ce

76 3122 133 3164 neu
148 3109 300 3183 haherent,
318 3111 372 3168 nisi
384 3113 439 3169 hoc
451 3112 504 3169 sihi
522 3115 752 3172 manifestarent.
768 3117 846 3174 Tunc
859 3115 900 3172 illi
917 3082 941 3145 C
958 3130 1010 3185 per
1025 3129 1115 3170 arrrres
1130 3119 1154 3170 a.
1174 3113 1235 3180 Quo
1254 3129 1318 3170 curra
1338 3115 1470 3171 uenisset
1491 3116 1697 3188 liutprandum,
1714 3134 1779 3175 curn

76 3197 173 3254 omnia
184 3213 248 3269 quae
258 3200 332 3258 faeta
345 3201 458 3258 fucrant
472 3204 742 3275 manifestaverunt,
754 3205 899 3263 dieentes:
956 3204 1062 3273 gaudie
1079 3218 1181 3274 magno
1195 3208 1240 3260 est
1256 3211 1426 3276 susceptus.

79 3286 158 3354 Quia
168 3288 478 3349 oicicmiaedisanna
488 3292 571 3350 deme
575 3295 652 3367 pede
662 3295 797 3352 truncate
808 3311 902 3369 usqae
993 3295 1052 3372 llec
1068 3298 1199 3365 tempere
1223 3294 1298 3365 apud
1322 3293 1430 3350 Gallias
1444 3296 1470 3350 in
1488 3311 1577 3366 regne
1601 3298 1777 3353 Francorum

75 3376 118 3433 ad
129 3380 311 3450 peniculum,
328 3381 358 3437 ei
374 3382 437 3454 ipse
455 3381 509 3438 doc
525 3381 611 3442 aredis
634 3384 798 3442 nrcacicait.
824 3387 901 3443 Tuae
957 3386 1011 3441 suh
1028 3383 1143 3440 nonnae
1165 3384 1283 3454 trrajeris
1303 3384 1406 3440 deuius
1427 3386 1646 3456 principabatur
1662 3388 1777 3461 ansgis,

74 3478 127 3520 rex
144 3467 340 3525 Chunlbertus
356 3469 510 3542 intellexit,
529 3472 605 3542 quod
620 3488 719 3530 musca
737 3473 785 3530 illa
803 3474 901 3531 diaho-
957 3473 1033 3530 tilius
1045 3471 1153 3529 hrnelfr
1167 3473 1339 3543 supradicti,
1358 3475 1406 3545 qui
1419 3490 1521 3531 nomen
1533 3476 1650 3533 trahere
1662 3477 1779 3535 videtur

74 3553 121 3609 lus
144 3554 250 3611 fnisset
271 3561 300 3612 et
321 3558 381 3630 ipsc
400 3560 456 3616 lroc
474 3561 518 3616 cis
539 3563 715 3634 mrnciasset,
741 3565 899 3636 statimque
956 3563 992 3618 ab
1009 3562 1132 3617 anchisa
1157 3562 1288 3632 Trojano.
1316 3562 1408 3631 igitur
1432 3567 1584 3634 postquam
1608 3566 1778 3636 asprandus

74 3643 189 3698 vocarit
204 3659 254 3700 ees
270 3645 305 3701 ad
322 3662 361 3717 se,
374 3653 402 3702 et
419 3649 547 3705 reddidit
564 3651 606 3707 eis
622 3653 745 3720 gratiani
762 3669 852 3722 suam,
870 3659 900 3709 et
958 3667 1124 3722 pernoram
1142 3667 1232 3708 orrares
1248 3652 1352 3707 rnansit
1370 3652 1396 3707 ia
1414 3653 1553 3723 bunuaria,
1573 3655 1778 3713 moritexiudo

76 3745 168 3801 usquc
183 3732 218 3787 ad
235 3738 357 3791 mortem
372 3736 474 3793 habult
490 3754 540 3795 cos
556 3738 725 3796 honoratos.
955 3741 1186 3813 'lheedepcrturn
1199 3744 1395 3798 Raxxarierum
1406 3742 1519 3814 ducem,
1530 3749 1558 3799 ct
1569 3760 1633 3801 eum
1645 3746 1777 3804 exercitu

112 3821 191 3877 lnter
207 3822 268 3880 haec
284 3825 494 3883 Constantinus
518 3828 678 3898 irruperator
694 3835 826 3886 mortuus
842 3836 897 3904 est,
955 3832 1032 3888 seuit
1046 3832 1072 3886 in
1083 3832 1204 3896 ltaliam,
1218 3833 1415 3902 pugnavitque
1426 3847 1491 3888 eum
1506 3834 1650 3905 hriperte,
1665 3841 1694 3890 et
1705 3851 1779 3892 mor·

73 3914 105 3964 et
119 3910 312 3984 lastinianus,
326 3914 402 3971 frlins
413 3916 476 3986 ejus
490 3917 591 3987 rainer,
606 3918 700 3974 tenuit
714 3933 834 3989 regnum
848 3935 899 3992 per
955 3922 996 3977 tui
1010 3926 1075 3975 sunt
1089 3921 1171 3975 multi
1183 3921 1217 3975 de
1230 3922 1364 3990 partibus
1376 3923 1518 3991 utrisque.
1538 3925 1592 3980 Sed
1604 3929 1735 3996 queraris
1749 3932 1777 3988 in

74 4012 168 4056 annos
187 3999 297 4057 decem.
321 4005 425 4059 Contra
447 4006 523 4060 laurae
539 4007 593 4062 hcc
611 4006 727 4077 quidam
744 4009 833 4080 venit,
851 4024 899 4082 ap·
955 4010 1015 4082 ipsa
1043 4025 1136 4081 pugna
1153 4025 1207 4065 nox
1227 4010 1310 4065 linem
1338 4010 1464 4080 fecisset,
1490 4020 1601 4070 eertum
1617 4020 1664 4071 est
1680 4022 1775 4075 tamen

74 4086 308 4162 prehensumqne
323 4107 393 4149 naso
408 4095 603 4166 detruncavit,
616 4095 795 4168 ejiciensque
807 4097 842 4154 de
854 4114 899 4156 re·
955 4101 1031 4171 quod
1050 4099 1171 4155 berecarii
1194 4101 1339 4168 fugerunt,
1357 4105 1386 4154 ct
1403 4101 1557 4172 aripertus
1572 4121 1637 4161 curn
1654 4106 1776 4166 victoria

72 4190 140 4246 gno,
158 4176 220 4248 ipse
234 4194 286 4253 per
300 4195 391 4239 annos
404 4188 467 4239 tres
483 4185 625 4255 regnavit,
642 4190 672 4242 et
689 4186 769 4242 illurn
782 4187 808 4244 ia
821 4187 898 4245 iasu—
955 4190 1041 4246 rediit
1057 4188 1092 4245 ad
1108 4195 1213 4245 eastra.
1235 4189 1288 4254 eri
1309 4205 1374 4246 cura
1395 4191 1540 4247 noluisset
1554 4210 1669 4252 rararrerc
1688 4197 1713 4253 in
1731 4214 1777 4256 ea·

74 4261 131 4320 lara
144 4268 298 4337 quamdam
310 4270 453 4328 exiliavit.
473 4275 580 4330 lterum
594 4275 820 4346 preriushune
832 4278 898 4335 bec·
954 4280 1023 4336 st··is
1040 4278 1091 4335 sed
1116 4278 1171 4333 iret
1187 4279 1212 4333 in
1230 4280 1369 4343 Ticinum,
1393 4281 1461 4335 fecit
1482 4280 1710 4353 desperationem
1728 4304 1777 4359 po·

75 4367 142 4452 aem
163 4355 198 4412 de
219 4371 307 4428 regno
327 4360 450 4432 expulit,
472 4362 594 4435 ipseque
610 4379 730 4435 regnum
748 4367 850 4438 tenuit,
867 4374 897 4425 ct
956 4368 1022 4440 pule
1037 4383 1099 4436 sue,
1112 4372 1139 4422 et
1152 4367 1328 4425 adversariis
1344 4369 1424 4424 dedit
1439 4370 1600 4430 andaciam.
1618 4378 1776 4449 l‘ostquam

73 4441 198 4500 illumin
213 4447 377 4505 custodiam
400 4452 513 4522 posuit.
540 4455 608 4510 Post
632 4454 694 4511 haec
716 4456 897 4514 lastinianus
911 4446 938 4507 D
954 4473 1023 4514 uere
1044 4457 1191 4512 civitatem
1214 4456 1334 4512 intravit
1349 4463 1379 4514 et
1397 4461 1484 4517 sensit
1507 4461 1611 4519 iratum
1633 4466 1688 4522 sibi
1709 4483 1776 4526 csse

71 4546 192 4602 reguum
203 4549 287 4594 suum
300 4553 351 4610 per
362 4539 538 4610 adjuterium
548 4541 691 4599 Terebelli
705 4545 783 4615 regis
795 4544 897 4617 Balga-

71 4637 136 4678 rum
152 4626 274 4699 recepit,
290 4632 318 4684 et
331 4629 454 4685 Leonem
471 4634 558 4703 atque
573 4633 718 4690 liberium
734 4650 832 4692 ceram
848 4651 897 4708 po·

72 4709 142 4783 pulo
159 4713 187 4770 in
203 4715 298 4772 medie
311 4717 389 4774 cireo
409 4719 548 4777 decollari
567 4720 644 4779 feeit.

108 4802 159 4859 His
176 4801 280 4863 diebus
292 4822 344 4863 rex
356 4809 582 4878 anglisaxonum
595 4813 709 4870 nominc
721 4812 895 4888 Cedoaldtm,

72 4890 242 4962 quinarias
258 4910 369 4966 pugnas
382 4897 408 4952 in
421 4913 472 4954 sua
487 4899 578 4970 patria
593 4902 749 4973 ceannlsit,
767 4904 802 4959 ad
817 4903 898 4961 Chri-

71 4980 151 5036 slum
167 4996 327 5040 conuersus
347 4989 403 5055 est,
425 4991 453 5041 et
477 4989 597 5044 tendens
621 4991 750 5061 Rorrram,
766 4993 842 5048 uenit
861 4995 896 5050 ad

71 5068 283 5129 Chunibertura
313 5088 420 5144 regem,
446 5090 461 5131 a
487 5090 543 5147 que
568 5093 631 5134 cura
659 5094 762 5149 magne
787 5080 896 5142 honere

71 5163 239 5231 susceptus,
256 5160 308 5216 ivit
322 5163 450 5232 Romam,
464 5168 494 5218 ct
510 5180 523 5219 a
542 5164 627 5221 heato
642 5167 742 5236 Sergio
759 5184 830 5241 papa
850 5172 897 5227 ha-

71 5243 211 5319 ptizatus,
237 5249 342 5306 Petrus
368 5251 533 5311 nominatus
559 5258 615 5325 est,
633 5261 741 5312 etcum
757 5259 851 5316 adlruc
867 5260 896 5317 ia

71 5332 148 5392 albis
159 5341 246 5409 esset,
263 5344 396 5399 mortuns
410 5348 467 5413 est,
479 5346 508 5399 et
520 5343 548 5399 in
559 5344 693 5403 aecclesia
708 5348 801 5405 sancti
815 5349 895 5407 Petri

70 5424 222 5496 sepultus.

108 5514 170 5573 lloe
186 5515 273 5573 etiarn
289 5521 422 5592 tempore
438 5521 491 5580 fuit
508 5521 535 5578 in
555 5536 645 5594 regno
661 5524 836 5586 Francorum
851 5530 897 5588 uir

212 5615 344 5682 Parnon.
368 5618 471 5686 CLIV.

953 4546 1093 4618 populum
1110 4562 1162 4617 pro
1179 4545 1227 4601 tali
1245 4548 1332 4618 laete,
1351 4550 1451 4606 habuit
1468 4552 1632 4625 eonsilium,
1650 4560 1681 4613 at
1698 4559 1777 4628 fuge·

954 4640 995 4692 ret
1012 4636 1039 4692 ia
1056 4635 1215 4705 Franciam,
1228 4640 1255 4692 ct
1269 4636 1338 4693 tulit
1349 4637 1384 4693 dc
1397 4639 1505 4709 palatio
1519 4655 1620 4698 aurum
1636 4639 1774 4716 qr'raatura

953 4725 1055 4795 uoluit,
1069 4729 1098 4780 et
1109 4725 1210 4782 exivit.
1227 4727 1355 4797 Cumque
1366 4726 1494 4784 licinum
1508 4730 1624 4788 durium
1636 4742 1776 4793 oneratus

953 4829 1024 4871 aure
1048 4818 1234 4870 transnatare
1260 4814 1412 4886 voluisset,
1443 4817 1603 4876 suffocatus
1626 4824 1661 4877 ab
1687 4839 1772 4896 aqna,

952 4908 1087 4960 mortuus
1098 4909 1153 4960 est.
1167 4902 1231 4959 hlio
1244 4904 1290 4960 die
1305 4905 1452 4962 inventum
1463 4911 1627 4980 estcerpns
1640 4911 1727 4986 illius,
1745 4924 1775 4975 et

953 4994 1100 5066 sepultum
1116 4997 1162 5049 cst
1180 4992 1206 5047 in
1224 4993 1358 5049 aeeclesia
1379 4995 1486 5050 demini
1507 4996 1678 5058 salvatoris.
1703 5007 1775 5064 Post

952 5085 1036 5155 errius
1052 5086 1176 5140 mertem
1197 5082 1366 5155 dsprandus
1384 5083 1638 5154 Langobardorum
1653 5106 1773 5163 regnum

951 5175 1056 5246 tenuit,
1070 5179 1098 5229 ct
1111 5172 1295 5230 solummedo
1310 5177 1371 5229 tres
1387 5188 1501 5231 menses
1511 5180 1653 5252 regnavit,
1667 5181 1711 5238 vir
1723 5200 1775 5256 per

951 5264 1045 5320 carnia
1059 5265 1152 5320 lienus
1162 5268 1191 5318 ot
1203 5262 1287 5333 euius
1302 5263 1454 5334 sapientire
1466 5267 1550 5335 pauci
1563 5268 1693 5329 homines
1705 5274 1775 5330 assi·
1848 5272 1851 5277 ’

952 5352 1045 5409 milari
1067 5357 1201 5423 possunt.
1223 5351 1362 5408 videntes
1381 5356 1478 5409 autem
1493 5356 1675 5426 Langobardi
1696 5363 1775 5434 quod

952 5441 1123 5514 dspraadus
1142 5445 1319 5512 mercretur,
1341 5441 1471 5498 fecerunt
1493 5443 1548 5500 sihi
1570 5460 1667 5518 regern
1684 5449 1774 5509 lilium

951 5530 1014 5603 ejus
1029 5531 1250 5606 liutprandum,
1266 5533 1350 5606 patre
1366 5532 1461 5592 adbuc
1476 5533 1601 5595 virente.

1616 5636 1656 5700 26
