3788 5992
120 262 197 343 1018
552 266 773 342 CHHONIGA.
788 300 828 322 ¹·-
847 266 1086 355 cunculcou
1107 255 1383 339 buweuestb.

108 441 174 495 tum
186 434 372 509 imperatorio
389 437 477 497 asnis
493 436 648 512 appellati,
664 454 678 498 a
696 437 854 499 Catholicis
869 453 950 511 uero,
962 437 991 496 id
1007 443 1052 497 est
1067 436 1183 498 cunotls
1199 436 1285 495 beato
1306 438 1393 494 Petro
1419 432 1540 505 suisque
1556 445 1620 489 suc·

109 526 281 585 sessoribus
298 526 382 584 tidem
398 532 427 584 et
442 528 639 586 obedientiam
657 529 720 601 lege
741 528 904 588 christiana
919 529 1173 595 conservantibus,
1198 527 1382 600 archipyrata
1398 523 1482 583 sirrrul
1498 527 1526 580 et
1543 521 1624 578 hece·

111 614 224 671 siarcba
242 629 354 672 necnon
379 622 409 673 et
432 622 566 688 apostata
590 623 821 691 persecutorque
836 619 902 692 plus
926 619 1085 677 animarum
1114 633 1200 691 quam
1228 630 1385 690 corporum
1414 616 1618 685 competenter

112 705 286 774 dicebatur;
303 712 405 778 utpote
419 709 468 778 qui
484 723 536 765 nec
553 709 736 767 naturalibus
750 723 803 766 nec
815 708 1084 767 consuetudinariis
1098 711 1254 765 contentus
1271 704 1442 772 sceleribus,
1465 716 1539 758 noua
1554 704 1585 757 et
1601 714 1616 756 a

111 794 222 852 seculis
238 794 369 851 inaudita
386 794 511 866 ideoque
523 795 661 854 nonnulla
678 797 859 854 incredibilia
874 797 1059 868 excogitasse
1074 801 1104 853 et
1114 796 1283 855 esercuisse
1298 792 1501 851 infamabatur.
1518 790 1588 858 Quae
1599 788 1622 845 si

109 884 187 956 quis,
201 882 321 941 illorum
331 885 477 943 arbitratu
488 885 536 957 qui
550 891 607 943 tam
619 901 771 959 perperam
782 901 868 958 quam
880 891 961 944 recte
971 884 1017 920 ¹⁰⁸⁸
1028 887 1064 942 ab
1075 886 1303 958 imperatoribus
1314 887 1398 952 posta
1410 880 1520 936 litteris
1534 878 1622 948 digna

104 973 249 1046 judicant,
266 974 396 1031 scribere
417 975 498 1045 velit,
531 990 583 1032 nos
599 976 666 1033 loco
681 977 823 1047 cedimus,
853 975 976 1033 mammo
990 975 1036 1010 ¹⁰⁸⁹
1050 991 1115 1032 cum
1131 973 1229 1046 aliqua
1243 988 1279 1030 ex
1295 973 1340 1029 his
1368 968 1508 1028 obliuioni
1525 966 1624 1039 potius

107 1077 193 1135 quiam
202 1064 339 1121 memoria
349 1063 490 1136 ¹⁰⁴⁰,digna
499 1079 553 1121 non
566 1065 744 1123 dubitemus.
753 1065 890 1123 Pluribus
902 1070 998 1124 autem
1013 1066 1141 1122 testibus
1154 1064 1344 1134 comprobare
1364 1058 1525 1132 poterimus
1542 1053 1618 1127 quod

105 1167 190 1210 neruo
201 1153 314 1210 nostris
326 1152 371 1188 ¹⁰⁸¹
381 1155 571 1225 temporibus,
585 1158 666 1225 natu,
682 1154 809 1231 ingenio,
823 1153 994 1212 tortitudine
1005 1159 1035 1209 et
1049 1155 1180 1222 audacia,
1193 1157 1307 1209 statura
1320 1150 1407 1206 ctiam
1428 1152 1548 1217 totaque
1560 1158 1623 1201 cor·

105 1244 188 1316 poris
198 1242 343 1314 elegantia
356 1243 566 1313 ¹⁹⁴²,videretur
579 1244 706 1301 lascibus
716 1244 917 1315 imperialibus
934 1244 1117 1317 ipso'aptior,
1131 1245 1155 1299 si
1169 1250 1263 1299 tamen
1282 1242 1311 1298 iu
1322 1239 1459 1297 conllictu
1483 1235 1621 1292 uitiorum

105 1333 196 1388 borno
212 1347 269 1388 non
281 1333 473 1402 degeneraret
484 1332 529 1389 uel
542 1335 745 1390 succumberet
761 1334 892 1391 interior.
910 1336 1000 1392 Porro
1016 1349 1080 1391 cum
1099 1349 1152 1389 uon
1170 1332 1253 1404 pauci
1266 1328 1426 1401 supersint,
1440 1325 1576 1395 idemque
1592 1322 1620 1376 iu

110 1421 345 1478 sublimitatibus
360 1424 526 1492 constituti,
540 1439 613 1494 quos
623 1438 743 1495 operum
755 1423 801 1458 ¹⁰⁸⁸
812 1424 943 1497 ejusdem
957 1425 1013 1481 uiri
1023 1423 1192 1494 cooperatio
1204 1417 1461 1491 r·edarguit‚luuuur
1475 1410 1619 1483 estquod,

104 1501 179 1566 licet
197 1509 284 1566 nimis
304 1510 409 1579 timidi,
427 1512 622 1579 suggerimus,
639 1513 776 1583 caraunus
789 1513 883 1584 ipsum
898 1513 1170 1584 condempnationis
1185 1511 1249 1580 eius
1263 1507 1428 1578 exemplum
1456 1503 1574 1560 sibimet
1591 1501 1617 1555 iu

109 1597 275 1654 remedium
292 1602 419 1668 uertant,
443 1614 496 1655 nec
511 1600 629 1657 honoris
646 1615 733 1670 prave
744 1600 789 1635 ¹⁰⁴⁴
799 1602 947 1659 consecuti
963 1602 1075 1668 liorem,
1093 1601 1144 1656 sed
1160 1614 1256 1657 semen
1272 1597 1443 1663 adtendant,
1469 1592 1621 1660 satiusque

104 1685 218 1741 discant
236 1686 322 1743 malis
334 1685 488 1758 plantariis
503 1689 686 1746 eradicandis
699 1689 837 1746 insudare
848 1705 934 1760 quam
946 1691 1071 1747 iruotum
1082 1689 1148 1745 inde
1166 1691 1314 1758 perpetuae
1326 1683 1428 1741 mortis
1451 1683 1479 1738 iu
1492 1682 1620 1736 futurum

106 1791 240 1849 carpere.
255 1777 388 1847 hlionuin
401 1778 536 1849 desipere
548 1780 633 1835 uirnis
644 1784 700 1843 est,
713 1779 819 1835 surinus
831 1779 908 1835 lerro
924 1779 1040 1851 plenum
1052 1778 1147 1834 sanari
1160 1775 1291 1844 eredere,
1304 1776 1362 1829 lico
1385 1771 1472 1828 simul
1485 1772 1514 1824 et
1534 1781 1621 1823 manr-

102 1880 200 1921 meum
216 1866 367 1923 deservire
382 1867 476 1933 selle3
495 1867 676 1939 nronstrique
692 1867 786 1924 simile
811 1872 868 1938 est,
884 1883 920 1924 ex
934 1866 1108 1923 pharisaicae
1123 1864 1260 1921 elationis
1291 1861 1417 1930 lastigie,
1434 1859 1566 1931 ipsoque,
1585 1859 1615 1911 ut

104 1952 219 2024 dicunt,
236 1953 370 2011 mercede
384 1954 603 2024 sacrilegiorum
619 1970 750 2023 ascenso,
772 1955 942 2027 apostolicae
952 1955 1127 2026 humilitatis
1142 1953 1312 2023 dignitatem
1329 1962 1482 2020 usrurpare,
1501 1946 1537 2001 ab
1553 1958 1618 2015 apo·

101 2040 203 2098 stasim
228 2042 338 2099 terniue
353 2044 479 2099 inuictum
497 2044 667 2101 hierarchia
682 2043 728 2078 ¹⁰⁴⁵
743 2058 871 2114 sperare.
891 2045 957 2101 llaec
971 2043 1124 2100 hacteuus.
1141 2045 1199 2098 lteri
1215 2047 1311 2097 autern
1326 2037 1449 2106 gratias,
1465 2033 1525 2106 qui,
1547 2032 1616 2088 licet

106 2130 203 2200 tarde,
217 2135 311 2186 tanuen
324 2132 542 2202 permagnifice,
556 2132 705 2188 victoriam
718 2133 866 2189 concessit
876 2130 1017 2189 aecclesiae
1028 2145 1104 2198 sunu
1116 2129 1162 2186 cui
1180 2129 1268 2184 etiem
1284 2125 1414 2196 ciusdem
1429 2119 1619 2179 Nabuchodo-

107 2231 197 2273 nosor
210 2217 482 2288 quinquagesimum
495 2220 656 2275 exactionis
668 2235 772 2275 anuum
790 2220 862 2276 idem
880 2217 1018 2283 Galilcus,
1037 2218 1084 2285 uari
1100 2217 1244 2274 lulianum
1261 2213 1405 2283 urrondam
1422 2211 1542 2278 uicerat,
1554 2222 1617 2263 ucr-

107 2305 148 2360 tit
164 2305 190 2360 in
204 2304 357 2375 jubileum.
371 2307 398 2362 Si
414 2307 478 2376 cuis
490 2323 560 2363 uero
571 2313 628 2362 tam
641 2307 818 2371 zelotesest‚
828 2307 876 2363 cui
888 2306 969 2376 uuasi
991 2306 1067 2360 diem
1079 2305 1217 2362 interitus
1231 2306 1327 2359 hmani
1338 2300 1478 2355 ¹⁰⁶⁸etiam
1488 2294 1616 2352 ilciurici

106 2392 220 2448 obitum
243 2408 295 2465 per
307 2392 504 2451 ¹⁸⁸⁷aecclesiae
522 2396 725 2466 posteritatem
743 2395 868 2463 ignorari
884 2393 930 2428 ¹⁰⁴⁸
945 2408 999 2449 non
1017 2393 1061 2427 ¹⁰⁴⁰
1077 2393 1176 2455 libeat.
1194 2390 1292 2446 7lalus
1323 2386 1447 2456 caugusti
1462 2387 1535 2442 hauc
1549 2397 1617 2439 esso

109 2480 195 2549 sciat,
211 2495 268 2551 quo
279 2480 325 2514 ¹⁰⁸⁰
347 2482 460 2539 scilicet
483 2483 531 2539 die
552 2485 644 2555 primo
658 2489 778 2540 matrem
794 2498 875 2540 suam
891 2481 1052 2539 aecclesiam
1065 2481 1141 2552 apud
1164 2481 1307 2534 {instruct
1329 2476 1402 2547 (308)
1417 2473 1557 2530 invadens
1571 2470 1616 2505 ¹⁹⁸¹

113 2567 279 2626 innumeras
291 2569 403 2627 animas
418 2570 453 2626 ad
470 2571 579 2628 interos
595 2572 736 2642 premisit,
753 2571 913 2641 eademque
932 2569 979 2627 die
994 2569 1093 2625 hlautis
1108 2567 1162 2638 ¹⁹⁸¹,
1181 2581 1235 2637 oria
1252 2567 1338 2622 etiam
1355 2567 1459 2620 cuncta
1474 2576 1527 2619 sua
1544 2575 1615 2633 prac-

125 2656 151 2712 ia
168 2655 223 2726 ¹⁰⁸⁸,
242 2658 382 2728 paganico
397 2659 530 2715 nimirum
547 2660 688 2732 auspicio,
705 2664 875 2733 perpetrare
890 2658 1053 2716 consuevit.
1767 2724 1769 2731 Ι

151 2745 974 2818 Postbaecebdomadaquarta¹⁸⁸⁴mensis0ctobris¹⁰¹¹A
1024 2747 1094 2800 Post
1120 2745 1182 2800 baec
1210 2741 1371 2799 ebdomada
1401 2743 1503 2810 ourarta
1534 2736 1642 2795 mensis
1671 2732 1808 2792 Octobris

108 2832 240 2889 habitum
252 2837 297 2888 est
314 2833 468 2892 concilium
481 2836 702 2908 l30ltlgeneralo
720 2838 806 2907 (Oct.)
821 2836 848 2891 in
866 2851 932 2906 pro-
987 2840 1084 2889 actum
1099 2836 1146 2887 est
1169 2829 1323 2887 concilium
1348 2827 1485 2897 generate
1500 2825 1586 2897 (Oct.)
1604 2825 1631 2879 in
1660 2821 1808 2895 provincia

103 2919 203 2975 vincia
231 2920 430 2991 Longatardia
444 2922 490 2956 ¹⁹⁸⁸
502 2938 590 2994 super
603 2924 695 2996 ripam
708 2926 777 2980 Padi
794 2924 929 2996 llumims,
986 2919 1185 2990 Lougobardia
1212 2933 1297 2989 super
1319 2917 1408 2988 ripam
1431 2914 1500 2972 Padi
1525 2912 1663 2982 duminis,
1679 2910 1743 2968 loco
1759 2909 1808 2980 qui

106 3007 229 3078 locoqui
241 3009 406 3066 warstallis
416 3015 611 3083 nuncupatur,
624 3012 672 3067 ubi
684 3011 851 3083 presidente
861 3025 930 3068 vere
986 3008 1153 3065 warstallis
1170 3007 1289 3076 dicitur,
1306 3006 1354 3063 ubi
1381 3004 1548 3076 presidente
1561 3015 1631 3058 vere
1646 2998 1808 3072 apostolico

104 3096 262 3168 peremnia
281 3097 818 3169 apostolicovir·oPascbalill⁰,coram
834 3099 930 3156 multi·
985 3095 1193 3162 uiro,Pusclrali
1210 3095 1458 3161 secundo,coram
1479 3089 1664 3148 multitudino
1683 3087 1808 3144 maxima

107 3183 210 3240 tudine
235 3185 358 3242 maxima
375 3185 421 3219 ¹⁹⁸⁷
445 3186 618 3245 clericorum
642 3203 752 3245 necnon
779 3187 824 3222 ¹⁰⁸⁸
838 3191 866 3244 cl
884 3187 930 3222 ¹⁸⁸·
985 3185 1193 3242 taurulaicorum
1213 3199 1297 3254 quarm
1310 3181 1495 3249 clericorum,
1507 3178 1749 3251 quidiuersorum
1763 3190 1808 3231 ro·

107 3269 258 3338 laicorum,
276 3272 320 3341 qsi
348 3271 383 3330 de
399 3273 581 3331 diversorum
607 3290 760 3345 regnorum
787 3275 930 3335 aecclesiis
983 3290 1105 3345 gaiorum
1117 3272 1164 3329 uel
1181 3271 1379 3330 aecclesiarum
1392 3268 1588 3338 legationibus
1599 3265 1804 3336 iungebantur,

102 3365 300 3416 conuenerant
317 3360 371 3431 ¹⁹⁸⁰,
398 3364 587 3433 presentibus
608 3365 696 3421 etiam
712 3363 818 3433 legatis
832 3364 928 3422 domni
986 3361 1175 3434 presentibus
1185 3360 1273 3415 ctiam
1287 3357 1392 3428 legatis
1404 3356 1512 3413 domini
1523 3354 1612 3425 regis,
1625 3351 1804 3420 multasunt,

101 3443 228 3502 heinrici
246 3448 334 3518 regis,
352 3449 442 3507 murita
470 3455 537 3507 sunt
549 3451 603 3522 ¹⁸⁸¹,
622 3456 707 3523 prout
732 3452 870 3509 canonica
887 3450 929 3506 di·
986 3454 1070 3522 prout
1081 3445 1505 3516 canomcadictabatannitas,
1520 3443 1556 3500 de
1567 3440 1674 3498 inimici
1686 3439 1805 3503 zizaniis

101 3534 203 3589 elatrat
216 3536 342 3606 equitas,
365 3536 519 3595 deinimici
532 3539 772 3609 zizaniiseuulsa,
785 3539 875 3596 multa
891 3539 927 3596 de
983 3538 1095 3607 euulsa,
1112 3537 1253 3609 pluraque
1281 3534 1377 3607 pistici
1393 3519 1513 3590 seminis
1529 3530 1672 3604 plantaria
1688 3528 1805 3601 prolun-

103 3623 264 3679 structuris
280 3639 369 3697 super
384 3626 521 3683 harenam
544 3628 650 3700 positis
666 3628 827 3698 destructa,
843 3627 927 3698 plura
983 3627 1049 3684 dius
1065 3628 1189 3691 insecta;
1217 3628 1376 3681 structuras
1399 3636 1486 3694 super
1506 3635 1622 3678 arenam
1639 3618 1743 3691 posita
1757 3617 1806 3673 de·

102 3723 219 3780 quoque
232 3711 456 3782 pisticisenrinis
466 3714 608 3786 plantaria
619 3714 927 3787 prolundinsplantata
982 3719 1148 3782 struuntur,
1162 3712 1315 3769 tutissime
1326 3709 1497 3767 numitionis
1522 3704 1741 3782 propugnacula
1752 3720 1804 3776 per

101 3796 188 3853 simul
204 3803 234 3853 ct
252 3797 355 3867 rigata,
367 3801 505 3857 nonnulla
519 3803 607 3858 etiam
622 3803 778 3860 tutissimae
792 3802 927 3859 munitio·
982 3799 1331 3860 ecclesiasmdilicantur.
1346 3797 1522 3855 Namcumin
1536 3793 1802 3860 eademltominica,

98 3883 143 3940 nis
161 3899 213 3956 per
228 3885 380 3943 aecclesias
390 3890 607 3959 propugnacula
620 3894 685 3947 suut
698 3890 841 3947 edilloata.
856 3891 925 3945 Nam
982 3905 1047 3961 quae
1058 3892 1174 3946 eratti.
1188 3887 1249 3943 lial.
1272 3885 1585 3957 Novembr.,nuosdam
1606 3881 1738 3956 presules
1752 3895 1805 3954 per

100 3986 165 4028 cum
178 3972 279 4029 eadem
297 3974 454 4045 liominiea,
480 3984 618 4046 numerat
634 3981 676 4033 tt.
693 3975 753 4032 llal.
769 3977 923 4032 Nouembr.
982 3993 1013 4034 se
1023 3979 1116 4050 ipsum
1137 3978 1351 4043 consecrasset,
1363 3988 1502 4030 enarrare
1513 3972 1629 4041 longum
1647 3974 1702 4040 est,
1719 3984 1804 4041 quam

102 4061 317 4118 Juvauensibus
343 4062 545 4120 cbuonradum
562 4063 617 4135 ¹⁸⁸¹,
633 4064 809 4121 Tridentinis
836 4065 925 4121 debe·
981 4056 1805 4136 indelesseprudensettidelisillesummipatrislamilias

96 4146 218 4204 bardum
227 4147 363 4219 presules
374 4156 589 4222 consecrasset,
597 4151 859 4223 enarrarelongum
867 4157 922 4219 est,
938 4116 966 4180 B
981 4153 1170 4225 dispeusator
1195 4165 1355 4207 conservos
1371 4164 1441 4205 suos
1467 4147 1548 4204 uerbi
1564 4148 1615 4203 uei
1629 4145 1730 4201 tritico
1744 4143 1804 4200 leu-

100 4249 185 4306 quam
209 4235 357 4294 indefesse
373 4240 502 4310 prudens
515 4245 545 4296 et
573 4239 668 4297 tidelis
682 4239 731 4296 ille
759 4240 863 4296 surnmi
879 4237 925 4273 ¹⁰⁸⁸
982 4241 1091 4298 tissime
1106 4238 1216 4296 cotidie
1232 4237 1378 4301 reliceret,
1398 4235 1665 4308 pseudeopiseopos
1678 4232 1802 4305 depone·

100 4323 821 4398 patrisfamiliasdispensatorconserucs¹⁹⁶⁴suos
842 4327 923 4384 uerbi
979 4335 1035 4398 ret,
1051 4325 1213 4384 catholicos
1235 4325 1443 4392 constitueret,
1458 4322 1689 4395 archiepiscopis
1703 4319 1801 4394 pallia,

97 4411 923 4489 lieitriticolautissimecotidiereliceret,pseudoepiscc
980 4413 1164 4472 monasteriis
1179 4412 1330 4486 priuilegia
1340 4411 1528 4480 concesserit,
1543 4415 1696 4483 presentes
1706 4409 1801 4467 ouium

94 4497 817 4575 pcs¹”⁸dep0neret¹⁰⁶⁶,catholicosconstttueret,
829 4503 924 4561 archi·
980 4501 1088 4558 Christi
1097 4503 1233 4571 pastores
1248 4495 1692 4568 mellilluisalloquiis,absentes
1706 4499 1803 4567 pater-

775 4641 894 4699 VARlAE
913 4639 1112 4699 theutones

129 4751 273 4812 ¹⁰⁸⁸deest
299 4758 325 4811 t.
377 4754 603 4813 ¹⁹⁸⁹maximat.
632 4771 708 4816 corr.
738 4757 928 4815 niaximelil.
981 4752 1256 4811 ¹³⁶⁰meuroriaciil.
1276 4758 1301 4809 2.
1359 4752 1404 4786 ¹¹⁸¹
1419 4750 1514 4809 nostri
1530 4765 1613 4808 neruo
1629 4754 1653 4807 t.
1710 4748 1796 4807 ΜΘ.

92 4827 231 4881 ct-u.
285 4823 397 4900 ¹⁹⁴’ope
425 4832 450 4882 7.
507 4826 647 4900 ¹¹⁶⁴pravi
674 4831 700 4884 t.
755 4825 988 4886 ¹⁰⁴⁸iherarcbiae
1015 4827 1069 4882 nr.
1088 4826 1119 4880 li.
1145 4830 1171 4880 2.
1198 4823 1349 4881 ierarchiae
1380 4829 1421 4880 to.
1451 4822 1618 4879 tetrarchiae
1647 4825 1673 4877 o.
1701 4824 1728 4876 7.
1757 4824 1796 4877 9⁶.

93 4891 331 4975 ¹“⁸ant.7.ti⁰.
407 4895 626 4954 ²⁹⁴⁷ett-ll.
703 4896 749 4932 ¹⁸⁴⁸
763 4897 856 4969 ignari
873 4902 918 4956 tt).
995 4894 1111 4952 ¹“loon
1137 4893 1302 4952 cliccatt.
1358 4891 1497 4965 ¹⁹⁸⁰quod
1520 4895 1551 4948 6.
1610 4888 1799 4949 ¹⁸⁸¹innume·

93 4976 143 5022 ras
157 4966 298 5024 invadens
312 4969 338 5024 t.
378 4966 424 5001 ¹⁰⁸¹
439 4967 566 5026 marcius
581 4971 610 5024 6.
629 4967 668 5025 9⁰.
726 4967 772 5002 ¹⁸⁸⁸
786 4985 814 5040 p.
831 4983 883 5026 sua
901 4974 926 5026 o.
970 4965 1015 5001 ”⁸⁸
1031 4965 1193 5024 ebdomade
1208 4970 1310 5037 quarte
1324 4968 1366 5020 6⁰.
1444 4961 1490 4996 ¹¹⁶⁸
1505 4975 1619 5020 menses
1634 4967 1701 5018 octo
1716 4966 1741 5018 6.
1757 4965 1795 5018 9⁰.

91 5047 170 5092 corr.
191 5049 289 5094 mense
304 5043 332 5096 7.
349 5042 453 5110 quarta
469 5037 544 5096 he.
563 5054 588 5096 c.
606 5037 715 5097 mensis
731 5042 789 5097 cot.
808 5038 836 5095 in
851 5041 877 5096 t.
914 5036 962 5073 Ν*
975 5038 1053 5108 lang.
1070 5043 1096 5094 7.
1136 5036 1320 5093 ¹¹⁸⁷deestt.
1353 5032 1399 5067 ¹¹⁸⁸
1414 5033 1497 5091 deest
1508 5035 1534 5090 t.
1573 5030 1793 5089 ”Maestum

92 5109 121 5160 7.
141 5107 180 5161 90.
200 5110 264 5164 tot
290 5113 330 5165 ll.
371 5108 418 5143 ¹⁹⁴⁰
431 5114 608 5167 convenerat
623 5112 675 5167 Et.
695 5114 724 5166 t.
767 5107 946 5168 ¹⁸⁸¹dccstt.
975 5110 1055 5167 790.
1095 5105 1358 5164 ¹⁸⁰¹conrudunri.
1401 5101 1546 5163 ¹⁰⁸³decst
1568 5104 1621 5160 El.
1641 5106 1666 5159 i.
1706 5101 1796 5161 ¹⁸⁸⁴et

92 5180 240 5235 serumst.
285 5176 332 5213 ¹⁹⁶⁸
347 5180 475 5253 pseudos
490 5195 539 5255 ep.
559 5186 584 5238 t.
614 5179 660 5214 ¹⁹⁸⁸
673 5180 794 5239 deecit.
812 5184 838 5238 7.
855 5182 893 5238 9⁰.

886 5302 997 5359 NOTAE.

130 5415 206 5495 (³08)
223 5416 290 5496 llaee
306 5430 401 5488 pugne
417 5431 443 5475 a.
459 5422 539 5487 luttb
555 5418 583 5476 d.
601 5417 718 5489 utunii,
733 5415 785 5474 sed
809 5415 864 5474 alia
881 5417 917 5472 ad
972 5415 1062 5471 nansi
1074 5414 1173 5540 llllhp.⁸
1195 5416 1272 5470 1209.
1299 5411 1341 5467 ct.
1371 5410 1459 5494 etiam
1472 5411 1584 5495 transl.
1607 5410 1635 5468 S.
1653 5411 1795 5471 liodoaldi

96 5485 204 5542 Strouu
223 5486 566 5560 uuvrnmdnhugusta.
578 5492 647 5548 1078
655 5488 807 5547 commissa
823 5492 879 5545 est.
973 5486 1050 5566 (Act.
1063 5486 1110 5541 hb.
1148 5499 1184 5539 ar.
1198 5484 1245 5553 lll,
1262 5498 1289 5555 p.
1305 5486 1362 5555 67),
1387 5482 1436 5540 alu
1459 5483 1544 5556 hunus
1554 5482 1737 5543 collectionis
1748 5499 1797 5540 vo·

128 5554 202 5626 (out)
218 5556 250 5613 v.
271 5559 342 5615 dcta
367 5571 404 5617 cx
428 5560 525 5619 cencii
540 5560 604 5620 cod.
622 5561 713 5632 vatic,
730 5559 855 5633 aliisque
869 5573 914 5632 ap.
972 5555 1073 5616 lumem
1088 5555 1278 5614 inserendam.
