3788 6000
147 137 207 228 a'as

631 134 816 224 nocoms
836 128 1012 224 loannis
1032 132 1373 231 rnamnrloausrs

1794 168 1856 230 886

147 299 246 378 speeie
255 294 344 371 sigilli
357 294 573 370 deciperentur,
582 293 967 368 prevenitmalltiamillius,
984 295 1141 369 Adortus,
1159 301 1208 372 qui
1224 302 1480 373 perturbationum
1498 303 1631 375 turpatus,
1650 303 1699 375 qui
1716 301 1853 360 dolorum

149 395 269 449 mittens
284 389 401 445 litteras
415 387 551 442 lldelibns
568 386 595 441 in
612 387 665 444 lice
678 386 767 441 rerba
784 405 790 438 ι

187 503 200 530 i
214 477 362 536 llatbildis
377 476 426 532 bei
442 474 536 545 gratia
559 475 582 530 si
608 474 677 544 quid
701 482 756 544 est,
782 473 918 529 omnibus
941 473 969 528 in

148 568 410 628 Tbeutltonicorurn
434 579 523 633 regno
544 563 805 632 commorantibus,
830 561 966 618 salutern.

150 659 255 716 Notum
271 656 355 713 vobis
376 655 508 722 tacimus,
527 652 604 722 quod
629 651 782 708 Heinricus
804 648 898 707 tatsus
919 665 969 707 rex

150 750 228 804 furto
239 743 387 815 subripuit
400 739 533 813 sygillum
543 738 879 811 uoinntpapaerogorii.
889 738 969 795 Unde

149 835 172 891 si
191 833 259 905 quid
274 829 428 888 audieritis
454 828 531 899 quod
557 826 706 884 discordet
727 841 742 882 a
768 831 868 882 nostra
893 825 970 896 lega·

149 923 240 992 tione,
258 918 361 976 salsum
383 915 577 983 arbitramini,
602 929 696 986 neque
722 915 882 971 mendaciis
906 915 970 984 eius

149 1007 356 1081 adquiescatis.
374 1007 513 1062 Pretcrea
528 1004 696 1076 episcopum
714 1004 904 1060 portuensem
926 1017 970 1060 se·

148 1114 212 1156 curn
229 1096 330 1162 ducit;
356 1094 490 1166 quoniam
515 1092 582 1149 olinr
608 1092 662 1148 luit
684 1091 835 1149 t'amiliaris
860 1092 969 1149 domiui

149 1202 240 1259 papae.
259 1186 286 1240 Si
304 1185 393 1254 igitur
416 1181 526 1253 aliquid
551 1181 699 1237 vobiscum
723 1181 769 1236 vel
791 1184 894 1237 contra
919 1196 970 1236 vos

149 1290 200 1347 per
214 1289 279 1330 eum
292 1272 355 1329 uult
366 1271 492 1343 operari,
504 1284 570 1325 cum
587 1269 690 1325 salsum
702 1272 809 1324 testem
820 1269 970 1329 nolitedu·

149 1364 253 1420 bitere.
272 1360 350 1416 b'nlti
366 1374 500 1430 umquam
513 1357 652 1427 credatis,
664 1357 711 1427 qul
724 1357 809 1413 aliter
821 1372 905 1428 quam
918 1374 971 1415 nos

149 1453 246 1510 dicere
261 1447 389 1507 audebit.
408 1445 513 1503 Sciatis
527 1445 661 1502 donmnm
684 1460 785 1517 papam
809 1447 866 1516 jam
889 1461 971 1503 recu-

149 1554 268 1613 perasse
283 1537 411 1595 Sutrium
428 1539 516 1605 atque
531 1536 618 1606 Nepe.
633 1534 776 1590 Barrabas
787 1534 874 1605 latro,
887 1534 914 1590 id
925 1539 970 1591 est

1025 389 1160 459 gemitus,
1179 406 1243 461 quae
1260 393 1395 462 suspiria.
1413 407 1478 461 qnae
1492 393 1599 448 meritis
1615 394 1769 448 anxietas:
1785 408 1853 449 curn

1026 477 1161 548 perderet
1178 479 1289 535 socium
1304 480 1411 549 socius,
1428 480 1519 536 filiurn
1536 484 1629 552 pater,
1647 481 1788 551 magister
1811 481 1855 537 di·

1025 565 1180 638 seiputum,
1193 572 1222 623 et
1235 582 1290 623 non
1299 567 1772 640 solunrinsalutatumdimitteret,
1781 569 1853 640 quin

1024 655 1112 709 etiam
1126 660 1271 726 ruentem,
1288 656 1482 725 deiicientem,
1501 657 1675 713 usurientem
1700 658 1853 728 respicere

1024 756 1081 797 non
1095 743 1228 812 auderet,
1245 759 1298 800 nee
1309 744 1480 800 humanitati
1493 744 1642 816 otliciapia
1657 745 1850 817 persolvere?

1025 830 1111 901 Oqui
1129 834 1227 902 patres
1243 832 1326 903 estis,
1344 833 1393 903 qui
1408 833 1540 888 atl'ectunt
1557 833 1683 889 illiorum
1704 833 1794 890 eorde
1811 839 1853 892 te·

1024 919 1110 989 netis,
1121 921 1265 977 attendite
1275 927 1305 977 et
1318 920 1423 990 videte,
1437 921 1503 992 quis
1515 921 1607 993 patris
1616 921 1853 993 hujusdolorex·

1026 1007 1130 1078 titerit‚
1146 1009 1194 1078 qui
1212 1009 1302 1065 illium
1318 1010 1385 1064 dum
1404 1014 1488 1081 putat
1503 1010 1600 1065 virum
1611 1013 1639 1066 et
1652 1016 1800 1081 vegetum,
1811 1010 1852 1066 io-

1025 1101 1165 1152 n..center
1180 1103 1247 1153 ante
1263 1112 1294 1153 se
1312 1096 1391 1152 videt
1407 1101 1574 1167 mactatum,
1592 1098 1620 1152 in
1636 1102 1730 1154 morte
1742 1097 1792 1152 tilii
1805 1113 1854 1170 pa·

1025 1187 1071 1239 ter
1089 1198 1191 1254 passus
1206 1190 1261 1241 est.
1279 1184 1340 1255 (tol.
1357 1189 1402 1256 13)
1418 1184 1472 1252 Qui
1486 1185 1572 1241 babet
1588 1186 1712 1242 amicum
1733 1186 1854 1242 karissi-

1026 1287 1113 1342 mum,
1126 1276 1154 1327 et
1166 1287 1231 1330 eum
1244 1275 1354 1343 cogitat
1367 1272 1551 1343 moriturum,
1565 1273 1620 1329 scit
1632 1274 1682 1344 qui
1693 1281 1779 1345 pater
1791 1289 1853 1344 pas

1026 1375 1077 1416 sus
1092 1361 1141 1430 sit,
1154 1360 1222 1418 licet
1237 1362 1344 1431 majora
1361 1377 1464 1432 passus
1475 1361 1513 1417 sit
1526 1377 1610 1431 quarn
1622 1361 1730 1433 aliquis
1740 1362 1853 1420 amicus

1026 1449 1062 1505 de
1076 1449 1169 1506 amico
1186 1450 1353 1520 excogitare
1369 1450 1475 1529 possit.
1488 1450 1608 1507 llultum
1620 1451 1695 1506 euim
1707 1450 1798 1508 distat
1812 1451 1853 1506 in·

1027 1542 1072 1593 ter
1088 1539 1115 1594 id
1131 1538 1208 1609 quod
1224 1538 1411 1608 somniamus,
1428 1544 1456 1595 et
1474 1554 1539 1609 quae
1554 1538 1648 1596 oculis
1660 1540 1853 1611 praesentiali·

149 1628 275 1685 lteinrici
292 1641 377 1698 papa,
394 1625 454 1695 ipse
471 1638 585 1695 qnoque
600 1623 723 1694 aufugit.
743 1623 855 1693 valete,
880 1628 908 1681 ct
934 1624 970 1679 de
984 1655 1011 1714 B
1025 1631 1071 1682 ter
1083 1627 1213 1685 ridemus
1224 1645 1231 1695 ;
1243 1629 1285 1684 sic
1297 1628 1474 1698 permaxima
1487 1630 1532 1683 est
1545 1627 1708 1684 differentia
1720 1628 1853 1685 intereo

150 1716 262 1774 insidiis
277 1713 404 1771 lloinrici
420 1713 498 1769 cauti
512 1717 619 1768 estote.
636 1735 648 1760 a

185 1807 278 1877 igitur
293 1819 404 1861 snmnro
421 1803 559 1874 pontifice
574 1803 610 1857 alt
627 1801 703 1857 Urbe
714 1801 892 1871 discedente,
906 1802 969 1872 ejus

149 1894 301 1953 comitatui
318 1892 408 1948 abbas
423 1889 606 1947 birionensis
623 1904 676 1945 non
690 1889 792 1945 doluit.
805 1892 910 1947 Verum
922 1890 969 1945 die

150 1984 273 2056 quadarn
288 1980 420 2038 exercitu
439 1978 513 2036 ultra
527 1993 610 2048 quam
621 1984 792 2048 speraverat
804 1991 916 2034 surnmo
928 1979 969 2034 di·

150 2072 248 2129 luculo
264 2082 431 2142 progresso,
448 2082 511 2123 cnm
530 2067 590 2137 ipse
601 2082 666 2122 cum
679 2066 767 2123 sociis
779 2066 858 2123 celer
870 2068 970 2123 subse·

150 2163 300 2232 queretur,
315 2157 448 2213 calonum
471 2156 585 2211 turbam
610 2154 741 2224 offendit,
766 2170 815 2225 qur
838 2160 969 2211 extrema

149 2250 276 2305 hostiurn
293 2248 460 2316 sequentes,
477 2244 547 2299 mira
562 2243 694 2312 agilitate
705 2242 969 2313 currendiignaros

150 2337 209 2394 doli
224 2344 254 2392 ct
271 2334 382 2391 fraudis
396 2332 594 2389 trucidabant.
613 2332 740 2398 Quorum
754 2332 912 2403 nequitiam
924 2333 969 2388 alt·

152 2429 213 2495 trac,
224 2427 402 2494 utexpertus
414 2422 441 2476 in
452 2419 737 2490 talilrus,agnoscens
748 2424 778 2476 et
791 2435 966 2492 praecavens,

150 2515 246 2571 socios
262 2513 318 2568 iter
334 2510 500 2567 accelerare
517 2509 698 2581 praemonuit.
716 2511 821 2565 Verum
833 2510 892 2566 illis
904 2526 969 2582 pro·

151 2597 968 2675 pereabeuntibns,cumposttergasubdoleclamaretur

151 2686 589 2760 abimpiis‚nonesseearnviam
603 2702 666 2743 uuae
677 2688 869 2757 praeeuntium
882 2689 970 2745 vcsti-

150 2779 206 2848 gia,
220 2780 396 2847 sequeretur
405 2775 517 2830 seviam
526 2775 648 2837 scireut
656 2776 968 2847 paratosostendoresi

1024 1717 1149 1785 gitatum
1166 1722 1195 1772 et
1211 1722 1317 1773 actum.
1335 1717 1419 1772 Venit
1435 1731 1506 1786 ergo
1522 1717 1639 1772 taudem
1659 1717 1750 1773 abbas
1760 1716 1796 1773 ad
1809 1732 1853 1774 so·

1024 1805 1086 1861 cios
1096 1809 1135 1875 ,ot
1153 1805 1288 1862 osculato
1301 1805 1373 1877 pede
1382 1820 1474 1876 papae,
1486 1820 1552 1862 cum
1564 1807 1663 1862 vultus
1672 1808 1800 1862 mentem
1811 1806 1853 1862 in·

1024 1894 1149 1964 dicaret,
1166 1894 1296 1950 dolorem
1313 1894 1411 1950 cordis
1424 1895 1549 1965 aperuit.
1564 1895 1718 1964 Papavero
1729 1893 1853 1950 directis

1024 1981 1175 2052 militibus,
1192 1997 1257 2038 cum
1274 1996 1419 2037 armorum
1436 1987 1590 2053 apparatu,
1616 1987 1754 2038 auctores
1775 1982 1852 2038 tanti

1025 2069 1147 2125 sceleris
1164 2070 1312 2141 persequi,
1329 2075 1359 2126 et
1374 2069 1645 2140 corpusesanimati
1658 2070 1761 2126 fratris
1771 2070 1808 2127 ad
1820 2084 1852 2126 se

1026 2158 1165 2229 praecepit
1180 2159 1340 2229 deportari.
1359 2158 1441 2224 Quod
1458 2158 1606 2214 inventurn
1619 2165 1665 2214 est
1679 2158 1758 2213 ontni
1770 2163 1852 2215 reste

1025 2246 1181 2317 spoliatum
1196 2251 1225 2303 et
1242 2246 1270 2300 in
1286 2262 1339 2303 suo
1355 2246 1495 2315 sanguiue
1512 2245 1685 2316 volutatum,
1712 2246 1817 2317 sicque
1836 2262 1852 2304 a

1026 2335 1149 2404 quodam
1165 2334 1273 2392 clerico
1289 2335 1325 2390 dc
1341 2335 1429 2392 sociis
1446 2336 1474 2389 in
1488 2349 1571 2405 papae
1586 2335 1741 2405 presentia
1757 2333 1852 2406 perla-

1027 2428 1096 2479 tum.
1106 2425 1158 2490 Qui
1168 2423 1401 2492 benignouterat
1415 2423 1509 2478 animo
1520 2422 1716 2493 compaciens,
1728 2422 1851 2494 pluviali

1024 2510 1575 2583 suoquoindutuscrat,corpuslratris
1591 2510 1742 2583 operiens,
1757 2515 1787 2566 et
1804 2512 1853 2567 ab·

1025 2600 1198 2658 solutionem
1213 2600 1239 2656 ei
1255 2599 1372 2668 taciens,
1392 2599 1506 2655 missam
1519 2613 1571 2670 pro
1582 2598 1720 2655 defuncto
1732 2598 1848 2668 redimit,

1024 2695 1053 2745 et
1069 2689 1111 2747 sie
1126 2693 1214 2745 terrae
1230 2688 1307 2759 quod
1324 2702 1408 2744 suum
1420 2693 1483 2743 erat
1495 2687 1634 2757 restituit,
1657 2684 1782 2745 multum
1796 2701 1849 2743 con

1025 2777 1137 2835 solatus
1153 2777 1299 2847 abbatem,
1318 2781 1349 2832 ut
1364 2775 1509 2832 voluntati
1524 2775 1572 2831 ttei
1583 2775 1629 2832 sui
1643 2775 1848 2847 concordaret,

150 2871 389 2939 expectarentur,
401 2863 969 2922 abbatecontradicentaetdoloseorum
1021 2866 1132 2936 judicia
1148 2865 1212 2934 eius
1227 2878 1293 2921 esse
1308 2863 1424 2920 occulta
1442 2879 1595 2934 numquam
1610 2866 1709 2919 tamon
1726 2864 1845 2935 injusta.

151 2957 365 3024 manifestante,
385 2954 475 3008 trater
487 2951 534 3022 qui
547 2953 743 3009 comitabatur
753 2952 911 3010 walterius
923 2970 971 3010 no·

1026 2954 1214 3011 Consortatus
1229 2957 1273 3009 est
1291 2957 1387 3008 autem
1404 2951 1617 3024 spiritusiliius
1632 2953 1661 3007 in
1677 2952 1807 3024 Domino,
1819 2958 1848 3008 et

151 3048 227 3104 utine
242 3044 386 3113 substitit,
402 3048 430 3098 ct
449 3041 524 3098 ultra
540 3048 639 3098 uotum
654 3043 780 3099 omnium
794 3044 867 3100 riam
880 3045 916 3099 al)
927 3045 970 3099 cis
986 3009 1011 3072 C
1025 3058 1090 3100 cum
1106 3042 1200 3098 omnia
1213 3040 1400 3113 perdidisset,
1415 3055 1470 3096 non
1480 3039 1514 3096 ad
1528 3040 1707 3098 iracundiam
1725 3056 1848 3113 provoca

152 3133 304 3206 querebat.
321 3133 343 3186 tl
359 3131 540 3201 quibusmox
550 3136 728 3202 peremptus,
741 3131 815 3187 riam
829 3132 971 3189 universae
1025 3135 1073 3189 tus
1087 3136 1144 3200 est,
1163 3144 1255 3200 neque
1269 3130 1392 3186 stultum
1409 3129 1592 3199 quidcontra
1608 3130 1697 3186 Deum
1709 3128 1849 3200 loquutus

150 3222 247 3279 carnis
263 3221 449 3289 ingressurus
464 3223 537 3273 crat.
554 3218 636 3283 Quod
652 3224 680 3273 et
699 3220 739 3274 lta
753 3221 887 3289 contigit.
901 3222 971 3277 Cum
1025 3225 1080 3277 est.
1099 3219 1252 3289 cogitabat
1268 3232 1338 3274 vero
1356 3232 1428 3289 papa
1444 3217 1617 3275 mitissimus
1631 3232 1697 3274 eum
1712 3232 1804 3289 penes
1818 3233 1848 3274 se

151 3311 227 3366 enim
242 3306 455 3364 accelerantem
472 3306 659 3376 praestolatur
675 3305 708 3338 ‘¹⁰
722 3307 827 3364 eririssa
841 3307 969 3365 lanceola

152 3400 180 3456 iu
194 3411 259 3455 eum
271 3395 409 3465 dirigitur
423 3398 485 3460 ;sct
497 3393 563 3449 dum
579 3394 662 3450 tarde
671 3395 725 3451 sibi
740 3396 886 3466 providet,
897 3402 928 3453 et
938 3398 972 3455 ic-

151 3492 213 3544 tum
226 3484 357 3541 deuitare
368 3481 469 3552 gestit,
481 3482 587 3538 vulnus
599 3482 694 3538 laetale
706 3485 845 3556 suscepit.
858 3487 891 3541 Et
904 3486 971 3542 dum

153 3590 189 3631 cx
205 3573 307 3630 dolore
323 3572 399 3627 ictus
413 3569 533 3641 gradum
549 3570 705 3642 accelerat,
722 3573 855 3629 arbatem
872 3576 972 3631 subse·

154 3665 271 3734 quotus,
290 3674 377 3730 supra
392 3663 496 3730 pectus
516 3657 578 3727 ejus
597 3659 694 3729 capite
715 3659 867 3732 reclinato,
890 3663 973 3719 uitali

153 3750 260 3823 spiritu
277 3746 431 3804 deficiente
445 3747 568 3818 corruit,
581 3751 610 3802 et
620 3747 759 3803 detleions
771 3755 903 3807 mortuus
915 3757 970 3807 est.

153 3839 204 3896 Cui
216 3837 288 3894 illud
299 3835 429 3893 obfuisse
445 3835 601 3906 credimus,
616 3836 681 3906 quia
694 3836 827 3908 partibus
839 3840 974 3911 papaeju·

153 3929 208 3986 stis
220 3933 249 3983 et
262 3925 372 3984 sanctis
383 3925 584 3994 cremabatur,
599 3939 650 3980 nec
662 3925 769 3996 corrigi
781 3932 895 3998 poterat
908 3944 973 3986 eum

154 4017 254 4089 sepius
267 4013 485 4084 objurgaretur.
503 4015 607 4069 Pareat
628 4013 654 4069 ei
679 4015 865 4085 omnipotens
887 4018 972 4088 Deus,

153 4111 183 4163 et
195 4107 317 4174 tribuat,
332 4107 361 4158 ut
374 4102 447 4160 ultio
459 4105 937 4173 praescissetpeccatorumueniam
946 4112 975 4162 et

1027 3310 1155 3366 retinere
1166 3307 1270 3364 (liebus
1283 3310 1350 3362 vitat
1363 3321 1433 3376 suae,
1447 3306 1497 3362 sed
1510 3305 1577 3376 quia
1588 3305 1664 3361 idem
1677 3306 1852 3363 anxiabatur

1024 3399 1082 3470 jain
1100 3412 1151 3469 per
1167 3410 1273 3453 annunt
1290 3396 1435 3464 integrum
1449 3395 1620 3451 commissos
1628 3394 1684 3450 sibi
1705 3395 1851 3451 tratresct

1027 3487 1103 3544 illios
1113 3501 1144 3542 se
1156 3500 1211 3543 non
1223 3483 1341 3554 vidisse,
1354 3483 1423 3538 licet
1434 3481 1548 3539 doleret
1559 3481 1625 3540 illos
1637 3499 1694 3539 non
1706 3488 1740 3540 ut
1749 3484 1851 3540 decue

1028 3581 1071 3632 rat
1088 3590 1152 3630 eum
1170 3590 1183 3629 a
1202 3588 1233 3628 se
1245 3571 1390 3628 dimisisse
1406 3591 1411 3625 :
1430 3571 1532 3628 videns
1545 3572 1671 3628 animuin
1683 3571 1748 3643 eius
1759 3573 1787 3628 iu
1799 3572 1851 3628 boc

1027 3678 1093 3721 esse
1103 3669 1135 3720 ut
1144 3660 1402 3729 tratresvisitaret,
1415 3659 1527 3716 dimisit
1538 3675 1614 3723 eum,
1627 3660 1766 3731 imposita
1777 3661 1802 3716 ei
1816 3659 1854 3716 le·

1027 3753 1145 3824 gatione
1172 3749 1347 3820 colimbriae,
1373 3750 1444 3805 dans
1470 3748 1586 3806 litteras
1610 3749 1646 3805 ad
1662 3749 1851 3806 Sisenaodnm

1030 3840 1189 3915 principem
1205 3838 1334 3909 praelatae
1351 3837 1509 3908 provincie
1520 3838 1605 3908 (188),
1621 3842 1651 3894 ut
1663 3836 1688 3892 ei
1705 3841 1851 3909 tamquam

1029 3929 1115 3986 alteri
1132 3927 1187 3984 sibi
1200 3926 1344 3983 crederet.
1358 3925 1434 3982 llisit
1444 3925 1532 3982 etiarn
1543 3940 1596 3997 por
1606 3941 1682 3996 curti,
1694 3931 1724 3981 et
1735 3942 1789 3998 per
1803 3928 1851 3982 Pe·

1029 4023 1107 4075 trum
1124 4018 1240 4085 lgnenm
1258 4014 1342 4085 (189),
1359 4016 1387 4070 et
1404 4029 1456 4086 per
1468 4014 1627 4085 principem
1638 4014 1850 4071 Salernitanum

1031 4102 1565 4174 Gisullumnomine,quosCluniacurn
1575 4103 1721 4173 mittebat,
1737 4101 1851 4160 litteras

153 4192 331 4252 aeternitatis
345 4192 371 4246 ei
387 4190 479 4261 pariat
495 4191 682 4246 mansionem.
701 4189 753 4246 lllo
768 4205 838 4262 crgo
859 4199 973 4267 ruente,

154 4298 210 4339 non
220 4280 333 4338 destitit
346 4279 487 4335 malorum
498 4278 670 4350 improbitas
680 4293 694 4333 a
704 4282 915 4353 persequendo,
925 4284 975 4340 do·

1030 4193 1165 4251 omnibus
1182 4190 1326 4262 fidelibus,
1347 4191 1375 4247 in
1392 4191 1498 4261 quibus
1512 4200 1540 4247 et
1555 4190 1732 4248 calamitatis
1743 4194 1853 4248 sanotae

1031 4285 1166 4339 Romanae
1182 4279 1324 4336 aecclesie
1339 4284 1503 4345 causamet
1515 4294 1567 4337 cur
1583 4283 1664 4336 tauta
1682 4292 1788 4353 passus
1804 4279 1851 4349 sit,

136 4407 138 4410 >
153 4386 206 4429 nee
219 4369 313 4425 bestia
326 4382 389 4438 quae
402 4367 535 4423 sarcinas
547 4366 659 4422 terebat
671 4375 848 4440 remanente,
865 4364 1015 4429 tirreni-D
1031 4369 1219 4443 quamobrem
1237 4368 1272 4425 ad
1288 4368 1341 4423 lter
1357 4368 1494 4440 patienda
1510 4368 1656 4425 adductus
1670 4368 1708 4424 sit
1726 4368 1854 4426 breviter

80 4448 90 4471 ⁸
153 4461 197 4515 ret
211 4459 338 4513 Romana
350 4454 472 4510 avaritia
485 4468 542 4524 quo
553 4455 726 4525 cupiditatis
741 4457 877 4526 ingenitae
894 4461 972 4518 trena
1031 4459 1214 4530 dilucidavit,
1224 4461 1253 4513 et
1266 4460 1297 4512 ut
1312 4456 1355 4513 sui
1366 4456 1575 4513 misererentur
1584 4457 1744 4514 ammonuit
1756 4457 1785 4513 in
1799 4458 1853 4513 bec

152 4541 975 4616 laxaret,sicquemalieiaeorumproptersorcinasinter-
1030 4550 1143 4607 verba:

152 4639 303 4709 ruptaest.
313 4631 975 4694 tntueanmrnunofluctuantomotaestnantem
1068 4631 1427 4705 «Gregoriusepiseopus,
1441 4647 1544 4689 servus
1558 4647 1711 4689 servorum
1720 4633 1782 4703 Dei,
1796 4646 1854 4688 om-

153 4719 422 4793 animumpatrisde
432 4718 626 4790 mortesrlii,et
635 4721 797 4791 cogitemus
808 4739 872 4795 qum
885 4727 977 4797 potuit
1033 4727 1119 4784 nibus
1128 4725 1156 4779 in
1168 4721 1436 4790 christotldelibus,
1445 4720 1853 4793 apostolieamsedemrevera

152 4818 257 4885 gentes
272 4807 754 4868 consolatiodoloriilliusmederi,
773 4814 980 4884 lpudoxteras
1034 4812 1234 4884 diligentibus,
1243 4808 1852 4882 saluternetapostolieambenedictionem.

155 4903 281 4973 positus,
305 4899 420 4956 duobus
436 4900 549 4954 tantum
567 4897 655 4953 sociis
676 4903 704 4954 et
717 4899 772 4955 boc
792 4902 980 4961 terciolultns
1035 4900 1182 4970 Pervenit,
1201 4899 1306 4955 iratres
1322 4897 1475 4967 karissimi,
1488 4899 1783 4957 etc-Bastutinter
1795 4899 1856 4971 epi·

154 4985 981 5061 quidputamnscordieiusaccesscrittQuicogitotionum
1035 4991 1130 5049 statos
1141 4988 1289 5060 Gregorii,
1300 4987 1482 5059 Praebete
1497 4987 1563 5044 tom.
1582 4986 1778 5058 Cllbvlll,col.
1792 4990 1853 5044 708.

831 5114 948 5170 vatilla
968 5113 1167 5172 acculabus

188 5209 222 5243 ⁴¹⁸
234 5210 281 5266 ite
295 5210 386 5266 cedere
395 5228 407 5280 ,·
420 5208 623 5280 praestolamur
638 5208 769 5268 Lodices
781 5210 886 5268 edidit.
945 5282 1047 5341 Nom

189 5385 263 5458 (tea)
281 5386 379 5455 Neque
393 5384 454 5442 baec
470 5397 563 5457 neque
579 5390 735 5458 sequentes
747 5388 878 5459 Gregorii
895 5388 974 5448 litte·

1067 5387 1140 5459 (tae)
1161 5383 1348 5443 cardinalem.

154 5458 236 5516 raeiri
254 5456 392 5529 llegistro
407 5456 555 5526 leguntur.
573 5456 604 5513 ll.
