3788 5992
54 180 57 184 ’
100 223 177 294 roae
538 223 758 293 caaomox.
775 262 814 277 -
831 225 1071 321 44444444
1092 229 1367 300 universnm.
1721 232 1799 306 444

99 369 181 422 44444
197 360 411 423 honorabiliter
429 366 557 420 tractare
571 372 738 436 coeperunt.
759 363 832 432 Qvaid
846 363 948 438 plural
961 367 1094 440 ansque
1109 368 1231 442 spiritus
1243 371 1310 429 lesu
1328 384 1382 445 pro
1396 371 1497 445 precio
1513 370 1664 445 sanguinis
1685 373 1729 435 sul
1752 373 1799 414 ¹⁸⁸⁰

99 454 225 527 liliisquo
242 470 358 527 sponsae
375 471 435 512 snae
451 455 601 520 dimicrns,
619 454 734 526 spiritui
750 456 896 527 superbiae
911 458 942 512 et
955 456 1081 530 maligno
1098 460 1253 534 prevaluit,
1266 466 1298 520 ut
1310 463 1457 520 mentibus
1468 461 1738 536 universorumjam
1768 467 1797 524 in

100 560 156 601 inno
168 546 272 602 divinae
285 545 446 603 voluntatis
456 545 501 578 ²⁸⁸¹
519 560 640 601 assensu
655 545 784 615 conexis,
798 545 925 616 ipsorum
941 547 1077 620 consilio,
1089 548 1225 607 suasione
1236 562 1269 605 ac
1278 548 1481 606 obsecratione
1495 548 1573 619 regis
1597 547 1758 620 indignatio
1768 553 1797 610 iu

100 634 460 705 tantum²⁵³²mitigarctum
479 640 510 692 ut
525 634 588 705 ipse
604 637 883 706 presensuegocinm
901 636 946 680 ²⁸⁸⁸
960 653 1015 695 non
1037 653 1090 695 suo
1102 638 1153 694 sed
1170 637 1342 708 optimatum
1365 638 1518 708 utriusque
1545 638 1639 709 partis
1673 641 1797 700 arbitrio

101 723 311 780 terminandum
329 723 494 780 decreverit
508 722 566 777 ²⁸³⁴.
593 723 662 779 inde
678 738 774 780 rarum
791 728 919 783 omnium
935 726 1125 799 gubernatori
1141 727 1255 783 cunctis
1284 726 1396 797 gratias
1424 726 1589 797 agentibus,
1619 728 1797 787 denominati

99 815 165 867 sunt
183 811 228 845 ²⁸⁸³
244 818 415 886 rxutraque
427 819 510 886 parte
526 814 677 872 duodecim
696 816 846 886 primates,
858 815 1174 886 querumccrdatimcr
1189 816 1238 872 Dei
1254 815 1408 887 possidens
1419 816 1609 874 inveteratam
1622 815 1797 874 discordiam

100 899 177 956 inter
191 917 310 972 regnum
329 906 358 959 et
374 904 568 960 sacerdotium
576 903 679 962 sedare
688 904 800 961 444644
812 903 1138 963 resistentesuiiiceret.
1154 901 1213 958 ²⁵³⁸.
1227 904 1269 961 nd
1281 903 1342 962 haec
1358 903 1580 961 determinanda
1593 905 1799 965 collaudantur

98 997 262 1047 conventus
278 993 370 1051 totius
386 993 650 1066 regciprincipum,
663 994 743 1050 ouria
761 993 928 1064 Wircihurg
942 991 997 1065 ⁸⁸³⁷,
1015 998 1131 1065 tempus
1159 995 1265 1050 lostam
1302 991 1349 1026 ²⁵³⁸
1368 993 1461 1050 sancti
1493 994 1660 1053 Micbahelis
1674 995 1743 1063 ””;
1768 1001 1798 1053 44

100 1094 276 1152 unoquoque
291 1083 408 1154 propria
425 1098 510 1139 manu
528 1085 554 1139 in
567 1083 690 1140 alterins
709 1098 823 1140 manum
838 1083 1003 1157 hujusmodi
1017 1089 1133 1156 pactum
1151 1081 1234 1155 quasi
1259 1085 1313 1140 sub
1334 1086 1517 1139 sacramento
1547 1082 1690 1154 firmante,
1730 1098 1797 1143 cum

99 1186 170 1242 pace
186 1175 214 1225 44
230 1171 336 1240 gaudio
353 1172 513 1230 discessum
534 1180 593 1230 est.

130 1260 261 1316 Evolutis
281 1265 348 1331 post
360 1261 420 1318 haec
437 1262 533 1319 tribus
550 1262 609 1317 iere
627 1262 783 1327 rneusibus,
807 1262 960 1320 heinricus
979 1262 1140 1334 imperator
1155 1261 1234 1317 venit
1249 1276 1314 1318 cum
1330 1259 1439 1329 ingenti
1456 1260 1632 1317 comitatuin
1647 1260 1797 1319 civitatem

99 1349 263 1417 wirciburg
278 1349 324 1383 rso
336 1350 417 1418 juxta
443 1351 609 1407 condictum
628 1352 749 1423 (depth
767 1353 909 1408 Saxonum
925 1351 1113 1423 [wirziburg.
1132 1352 1214 1424 juxta
1232 1351 1399 1407 condictum
1414 1365 1484 1407 vere
1501 1351 1643 1408 Saxonum
1655 1354 1710 1427 6.]
1727 1369 1797 1411 vero

99 1437 247 1507 principes
264 1454 316 1493 urm
334 1454 398 1496 4444
414 1441 578 1509 hlogontino
590 1441 707 1511 presule
717 1441 893 1511 caeterisque
904 1444 1002 1497 castra
1015 1440 1114 1496 nnetati
1132 1444 1198 1495 sunt
1218 1439 1263 1472 ²⁵⁴¹
1276 1439 1359 1508 iuxta
1376 1439 1469 1495 rivum
1485 1439 1530 1473 ²⁵⁸¹
1557 1456 1621 1511 quae
1649 1440 1695 1475 ’⁸⁸⁸
1719 1445 1798 1500 Wer-

99 1541 132 1581 na
146 1525 190 1556 ²⁵⁴¹
208 1528 409 1599 (347)(1444444,
427 1543 500 1584 unus
516 1528 572 1583 diei
589 1529 644 1584 iter
658 1529 798 1585 habentes
811 1528 857 1563 ²⁸⁴³
868 1544 882 1585 a
893 1515 1179 1600 regeintcrs'ticium.
1192 1528 1233 1583 lbi
1247 1528 1405 1584 securitate
1414 1543 1465 1599 per
1476 1528 1676 1586 internuncios
1688 1531 1799 1588 utrobi·
1881 1540 1886 1548 “

99 1630 154 1684 qne
170 1617 344 1687 corrnposita,
360 1622 426 1688 post
441 1616 569 1672 triduum
583 1616 648 1674 loco
661 1617 861 1688 prenominato
875 1633 971 1688 regem
988 1618 1177 1674 conveniunt.
1196 1618 1289 1687 liquo
1301 1616 1421 1689 paciliee
1444 1621 1527 1673 extra
1550 1633 1648 1675 muros
1678 1624 1798 1692 propter

100 1705 215 1759 vniruinm
231 1706 484 1777 ntrirrsquepatris
501 1707 614 1761 turbam
630 1706 740 1776 recepti
756 1706 814 1777 ²⁸⁴⁶,
831 1706 936 1764 exinde
952 1723 1003 1780 per
1018 1708 1185 1764 continuam
1197 1706 1389 1776 septimanam
1402 1703 1450 1738 ²⁸⁶⁷
1461 1705 1509 1761 uni
1527 1720 1559 1762 se
1586 1707 1695 1765 cotidie
1708 1708 1797 1766 curie

98 1793 248 1862 colligunt.
271 1794 368 1865 ibique
389 1809 503 1866 semper
527 1793 573 1826 ²⁶⁴⁸
599 1796 727 1866 presenti
753 1794 798 1830 ²⁵⁴⁰
832 1796 968 1854 scismate
984 1796 1038 1866 ²⁵⁶⁰,
1058 1796 1139 1867 regni
1166 1795 1304 1853 videlieet
1333 1793 1379 1828 ²⁶⁶¹
1408 1798 1436 1850 et
1468 1794 1638 1866 sacerdotii,
1662 1795 1798 1854 sollerter

98 1886 226 1938 tractare
243 1898 297 1938 444
316 1888 517 1940 cessaverunt.
538 1884 594 1940 Sed
609 1884 824 1949 licetnounulli
840 1899 941 1956 pacem
957 1883 1003 1926 ””
1013 1884 1149 1941 odientes
1166 1881 1301 1940 scandala
1313 1895 1385 1939 nova
1398 1882 1550 1940 veteribus
1562 1884 1798 1954 superseminare

98 1972 305 2041 temptaverint
321 1971 377 2039 ¹⁵⁶³,
393 1975 489 2028 tamen
507 1973 573 2042 quia
591 1972 695 2029 divinae
710 1972 755 2006 ²³⁸⁴
772 1972 967 2030 ordinationis
980 1970 1225 2044 proposito,unde
1238 1975 1278 2027 tot
1292 1969 1388 2044 capita
1404 1970 1445 2027 rei
1458 1969 1583 2042 publicae
1597 1970 1643 2005 ²⁵⁸¹
1657 1985 1799 2029 convene·

99 2064 173 2123 4444,
193 2060 331 2117 resistcre
347 2075 430 2117 nenio
446 2060 492 2094 ²⁶⁵⁸
509 2062 649 2131 prevalet,
667 2061 783 2117 tande-m
796 2061 950 2118 heinricus
966 2058 1352 2131 imperator²³⁸⁷sponsicnis
1365 2074 1425 2117 suae
1439 2074 1494 2115 non
1505 2059 1663 2132 immemor,
1684 2075 1800 2119 uuiver-

98 2163 146 2203 sas
163 2149 330 2218 questiones
350 2166 414 2220 quac
426 2150 645 2206 ventilabantur
661 2165 715 2205 non
733 2151 838 2206 suimet
854 2149 977 2206 arbitrie
991 2164 1045 2205 nec
1062 2163 1178 2205 suorum
1204 2147 1401 2217 quorumlibet
1426 2147 1613 2208 contentione
1642 2148 1692 2207 sed
1714 2150 1798 2221 juxta

99 2237 393 2293 senatusconsultum
413 2238 561 2306 concludi,
572 2251 622 2308 per
638 2237 732 2293 omnia
744 2237 771 2293 in
783 2238 918 2294 omnibus
933 2237 1091 2294 concessit.
1111 2235 1267 2307 Undcquia
1284 2237 1385 2307 multa,
1403 2250 1467 2307 quae
1483 2241 1553 2293 tune
1568 2235 1614 2271 ””
1633 2238 1671 2294 ibi
1687 2252 1800 2308 magna·

95 2317 215 2379 'niunitcr
231 2323 275 2358 ²⁵⁸⁹
287 2327 428 2397 disposita
445 2328 511 2382 sunt
525 2328 610 2395 (348),
629 2340 767 2381 44444444
778 2325 824 2359 ””
838 2325 1037 2395 longissimum
1056 2330 1112 2396 est,
1130 2339 1163 2380 ea
1178 2328 1291 2381 tantum
1308 2324 1352 2358 ²⁵⁸¹
1368 2340 1431 2395 quae
1447 2324 1535 2381 etiam
1564 2339 1651 2383 causa
1663 2325 1796 2396 maxima,

96 2411 223 2482 ejusdem
240 2419 402 2469 conventus
420 2415 546 2483 4444444,
564 2414 620 2469 hrrc
634 2412 679 2446 ²⁶⁸¹
694 2418 834 2470 annotare
852 2413 993 2479 summat,
1015 2418 1104 2483 utque
1130 2411 1176 2446 ””
1197 2427 1295 2484 pacem
1326 2412 1518 2468 iirmissimam
1548 2417 1576 2467 et
1599 2414 1635 2469 ab
1663 2412 1798 2470 omnibus

98 2500 291 2557 universalem
306 2503 361 2558 sub
376 2503 443 2560 vitae
460 2502 591 2573 periculo
603 2501 738 2571 legaliter
755 2503 922 2558 institutam
942 2501 997 2572 ²⁸⁸⁴,
1010 2501 1171 2570 regaliavel
1186 2499 1295 2558 fiscalia
1312 2515 1413 2571 regno,
1431 2500 1639 2558 aecclesiastica
1655 2501 1798 2559 ecclesiis

97 2588 196 2659 predia
210 2589 388 2661 depredatis,
398 2590 576 2646 increditates
589 2591 757 2660 heredibus,
769 2590 905 2661 omnique
921 2604 1052 2662 personae
1068 2589 1114 2646 vel
1126 2589 1285 2647 conditioni
1303 2588 1451 2660 propriam
1463 2588 1659 2659 adiudicatam
1674 2605 1740 2647 esse
1753 2589 1798 2660 ju·

97 2677 223 2735 stisiam.
236 2677 278 2735 ad
289 2679 350 2734 haec
362 2677 506 2749 predones
521 2678 658 2749 iuresquc
670 2678 775 2736 edictis
792 2678 992 2750 imperialibus
1010 2678 1228 2749 persequendos
1243 2677 1304 2735 sive
1318 2674 1433 2746 legibus
1448 2676 1613 2747 antiquitus
1626 2678 1798 2735 constitutis

96 2766 286 2835 coercendos,
304 2767 431 2823 unarrimi
448 2766 649 2836 conjuratione
664 2768 867 2824 confirmatum
883 2773 929 2824 est
943 2783 951 2834 ;
967 2772 996 2823 et
1011 2766 1056 2799 ²⁵⁶⁶
1073 2767 1213 2838 quicquid
1229 2765 1370 2835 scandali,
1392 2765 1530 2837 quicquid
1541 2765 1586 2798 ²⁸⁶⁸
1599 2767 1798 2838 perturbatio·

96 2858 141 2913 nis
157 2869 365 2926 usquequaque
381 2869 432 2926 per
449 2868 536 2924 regna
548 2855 708 2911 Germaniae
724 2855 834 2911 inimici
848 2855 1005 2913 seminario
1022 2854 1404 2925 succreverat,0mnimodis
1416 2853 1560 2911 eradicari
1577 2854 1725 2910 decretum
1739 2860 1796 2913 est.

97 2947 136 3002 ite
152 2946 242 3000 verbo
258 2947 353 3001 autem
369 2941 688 3014 excommunicationis,
707 2943 782 3001 unde
794 2943 930 3001 scandala
947 2958 1018 3015 pene
1034 2948 1140 3000 cuncta
1156 2941 1372 3014 pululaverant,
1390 2939 1480 2998 nichil
1496 2946 1542 2997 cst
1557 2939 1604 2974 ²⁸⁸⁷
1628 2941 1794 3009 diffinitum,

97 3040 190 3090 terraer
209 3032 244 3090 ad
260 3031 414 3103 apostolici
430 3031 579 3101 regiminis
594 3031 771 3089 audientiam
787 3033 975 3089 concorditer
992 3033 1019 3087 in
1033 3032 1140 3087 timore
1155 3030 1253 3087 divino
1270 3028 1392 3086 dilatum
1404 3026 1459 3100 ²⁵⁰⁸,
1472 3027 1667 3086 denominatis
1689 3030 1716 3085 iu
1732 3043 1796 3102 pre·

97 3124 171 3178 senti
184 3123 299 3192 legatis,
318 3121 365 3191 qui
382 3121 500 3174 Romam
515 3120 681 3177 haecomnia
698 3121 856 3190 deterrent,
872 3120 1020 3192 quatinus,
1037 3120 1146 3176 indicto
1165 3133 1216 3191 per
1232 3119 1439 3175 auctoritatem
1453 3115 1646 3189 apostolicam
1665 3120 1794 3189 generali

96 3211 231 3280 concilio,
248 3222 438 3281 quaecumque
451 3206 576 3264 humano
596 3223 652 3264 non
671 3214 800 3280 possent,
813 3210 940 3280 Spiritus
955 3209 1048 3266 sancti
1058 3207 1169 3278 judicic
1186 3207 1426 3264 terminarentur.
1438 3205 1489 3262 llis
1503 3205 1542 3261 ita
1559 3210 1730 3264 reverenter
1742 3222 1795 3280 pro

94 3298 248 3355 honestate
262 3296 347 3354 simul
359 3301 387 3352 et
402 3295 528 3353 utilitate
538 3297 618 3366 regni
630 3296 794 3368 dispositis,
812 3298 950 3354 destinati
966 3301 1037 3354 sunt
1052 3313 1078 3352 m
1091 3295 1352 3368 presentidonmus
1364 3296 1433 3353 Otto
1444 3292 1552 3367 presul
1576 3295 1797 3366 dasenbergen·

95 3386 209 3455 sis‚dux
225 3384 388 3452 heinricus,
406 3398 503 3440 comes
520 3385 713 3453 berengerius
727 3384 781 3456 ²⁸⁶⁹,
800 3385 848 3456 qui
865 3385 927 3443 haec
941 3385 987 3418 ²⁸⁷⁰
1002 3385 1097 3441 curnula
1113 3383 1227 3440 Noricis
1244 3383 1435 3455 principibus,
1453 3384 1501 3454 qui
1539 3387 1608 3440 tunc
1637 3383 1711 3440 iorte
1730 3381 1795 3440 aliis

95 3474 229 3547 occupati
247 3475 288 3530 rei
304 3473 429 3545 publicae
442 3472 682 3544 causispredicto
696 3475 853 3531 conventui
865 3475 996 3543 deerant,
1013 3473 1090 3546 apud
1102 3473 1291 3545 llatispouam
1308 3471 1370 3527 llal.
1390 3473 1543 3529 Novembr.
1552 3472 1732 3542 convocatis,
1753 3472 1796 3528 in-

96 3564 245 3628 timarent;
262 3577 335 3632 quos
350 3565 378 3616 ct
395 3562 429 3616 ad
447 3561 541 3616 ornnia
557 3561 618 3617 baec
633 3560 815 3619 voluntarios
832 3562 1015 3619 inveniebant
1028 3566 1116 3632 atque
1132 3560 1343 3617 confirmabant
1358 3558 1416 3615 ²⁶⁷¹.

132 3654 169 3708 lie
186 3655 212 3707 't
232 3649 569 3707 monasterieh‘nldensia
586 3650 678 3706 turris
696 3650 835 3708 auustralis
850 3650 974 3720 corruit,
990 3664 1023 3706 ac
1035 3649 1232 3707 sanctuarium
1244 3648 1386 3707 orientale
1397 3652 1427 3705 et
1443 3662 1505 3705 eam
1518 3662 1582 3720 quae
1607 3648 1711 3705 subtus
1722 3647 1793 3706 illud

96 3746 160 3798 erat
171 3741 294 3810 criptam
306 3738 468 3807 altariaque
488 3742 599 3808 septem
611 3738 800 3796 circumcirca
817 3738 1004 3810 compressit.

182 3830 224 3898 ’1)
236 3828 366 3897 Reliqua
381 3824 559 3896 1444444444
575 3823 683 3883 desunt
696 3831 712 3883 4
730 3858 761 3868 -
776 3832 819 3895 44,
832 3841 990 3899 earumque
1005 3825 1137 3883 dcccdccc
1152 3826 1178 3882 te
1200 3826 1291 3882 44444
1305 3827 1338 3883 in
1354 3828 1379 3881 4.
1398 3829 1463 3882 6-
1478 3829 1506 3881 44
1527 3843 1532 3878 :
1549 3824 1656 3881 Eodem
1677 3838 1752 3881 auno
1766 3825 1792 3882 in

220 3896 420 3954 su'arzaheusi
434 3896 609 3951 monasterio
630 3899 666 3953 ob
681 3896 728 3930 ²³⁷²
739 3898 877 3954 honorem
888 3903 916 3953 et
931 3897 1125 3954 reverentiam
1135 3895 1169 3930 ²⁵⁷
1194 3897 1334 3968 piissimae
1365 3895 1497 3952 enitricis
1509 3909 1570 3975 suae
1586 3895 1680 3952 itariae
1693 3911 1795 3999 perpe·

219 3976 334 4038 trraeqnc
347 3966 479 4036 virginis,
497 3971 527 4023 et
542 3973 651 4024 sancte
667 3967 827 4024 Felicitatis
840 3968 1134 4041 preciarmmartpris
1152 3972 1324 4038 septemque
1340 3910 1462 4023 durorum
1479 3965 1589 4046 ejus,m
1614 3981 1737 4036 querum
1760 3966 1794 4001 ’Ἠ

220 4042 328 4095 honore
343 4039 418 4094 idem
432 4038 641 4094 monasterium
654 4044 853 4095 constructum
871 4043 900 4094 et
911 4037 957 4073 ²³⁷⁵
969 4039 1198 4106 dedicatumest,
1209 4038 1316 4094 tactum
1328 4041 1372 4093 est
1385 4034 1648 4107 quoddamsrgnum
1656 4051 1795 4094 memora·

220 4110 277 4166 hile
292 4109 346 4163 ²³⁷⁰.
369 4108 448 4163 Sicut
463 4109 538 4163 enim
558 4111 695 4166 Dominus
712 4111 777 4166 iecit
796 4110 920 4166 salutem
936 4110 1080 4180 quondam
1094 4109 1120 4163 in
1137 4107 1276 4164 homines
1293 4106 1447 4164 nativitate
1459 4107 1672 4186 cooeqsicistis
1684 4111 1795 4179 tompo-

221 4180 302 4236 ribus
320 4179 501 4249 perpetravit
517 4179 656 4250 injrnvene
669 4195 683 4236 a
695 4180 849 4237 nativitate
861 4187 952 4236 44444.
969 4180 1023 4235 Sed
1040 4178 1167 4250 qualiter
1182 4178 1236 4235 444
1246 4177 1403 4247 contigerit
1413 4176 1459 4210 ²⁶⁷⁷
1467 4178 1794 4248 brevrtcrpandimuset

219 4250 406 4306 notilicamus
422 4248 477 4303 ²⁵⁷⁸.
496 4251 534 4304 Ex
551 4249 605 4305 alia
623 4252 730 4324 quippe
748 4251 896 4322 provincia
911 4264 982 4323 puer
994 4251 1110 4321 quidam
1128 4248 1638 4350 pauperculusillucsuperveneratg
1655 4248 1794 4329 quiadis·
1825 4248 1831 4257 '

224 4324 382 4394 pensatore
394 4321 516 4376 iratrum
533 4335 585 4391 pro
598 4322 968 4379 misericordiaclcmcnter
985 4325 1149 4392 susceptus,
1167 4320 1352 4377 deserviebat
1373 4320 1479 4375 ibidem
1503 4318 1603 4376 multis
1616 4319 1626 4350 ²
1639 4319 1662 4353 ”
1690 4319 1793 4377 dicbus

130 4493 293 4553 ²⁸⁸⁰hliiEl
330 4501 356 4552 2.
398 4495 442 4529 ⁵³³¹
468 4512 498 4551 v.
525 4497 554 4552 d.
588 4502 616 4552 6.
650 4496 695 4530 ””
723 4497 784 4553 rnd.
814 4498 971 4554 interimi.
997 4496 1043 4529 ’⁸³³
1080 4497 1163 4555 deest
1196 4503 1225 4553 7.
1272 4496 1317 4529 ²⁶³⁸
1342 4494 1470 4553 decrevit
1497 4492 1524 4550 4.
1569 4493 1615 4527 ²⁸³⁸
1650 4495 1728 4554 deest
1766 4499 1791 4553 4.

93 4566 140 4600 ””
167 4568 334 4625 sufficereut
383 4571 412 4623 7.
432 4566 529 4622 90.²⁶³⁷
553 4567 714 4638 wirziburg
764 4570 812 4625 El.
843 4572 867 4624 4.
887 4573 1025 4624 66416.
1075 4569 1288 4624 wirciburc.7.
1349 4565 1395 4600 ²⁶³³
1423 4564 1511 4622 iestui
1548 4566 1601 4621 bt.
1650 4566 1696 4602 ²⁸⁸⁰
1736 4583 1794 4623 ma-

94 4639 206 4694 chaclis
221 4645 250 4694 7.
271 4639 316 4671 ²⁶⁴⁰
363 4639 524 4708 wirziburg
562 4642 585 4693 4.
600 4645 624 4694 c.
644 4640 800 4697 wirciburc
815 4647 843 4696 7.
864 4639 1041 4697 wirciburch
1067 4644 1104 4695 9⁰.
1123 4639 1280 4694 wirziburc
1298 4643 1342 4694 ld.
1360 4637 1500 4694 ²⁸⁴¹decat
1518 4638 1546 4692 4.
1566 4636 1611 4669 ””
1630 4637 1723 4695 riuum
1736 4641 1787 4695 Ea.

93 4708 139 4742 ²⁶⁴³
158 4724 213 4778 que
228 4723 306 4766 corr.
326 4710 410 4779 quid.
429 4709 476 4779 qui
492 4712 517 4762 7.
546 4713 589 4764 0⁰.
617 4709 661 4742 ²³⁴⁴
689 4725 782 4767 werra
804 4715 833 4767 7.
848 4715 886 4767 64.
911 4725 1005 4767 merra
1020 4710 1219 4813 superscripto
1234 4725 1261 4764 4.
1279 4714 1303 4765 6.
1322 4708 1393 4764 ””4
1410 4723 1479 4776 rege
1494 4707 1525 4761 h.
1546 4711 1574 4763 4.
1605 4706 1651 4741 ””
1674 4715 1792 4781 recepto

93 4782 121 4834 4.
153 4779 200 4814 ³⁸⁴⁷
215 4779 404 4836 ebdomadam
421 4785 447 4834 4.
477 4778 524 4811 ””
550 4780 676 4838 deseth.
695 4781 788 4839 7464·
807 4795 1000 4854 serrnpercorr.
1035 4796 1125 4853 super
1143 4780 1189 4814 ²⁶⁹
1216 4780 1362 4852 presentis
1389 4784 1418 4835 7.
1451 4776 1497 4810 ²⁸⁸⁰
1525 4777 1652 4835 dcccli.
1685 4778 1730 4813 ””
1762 4795 1789 4835 4.

93 4865 119 4904 4·
141 4854 169 4906 4,
193 4850 377 4919 ²⁶⁵’pacett0.
413 4848 457 4883 ²⁸⁸⁸
486 4855 792 4920 ternptaveruntrce.
822 4853 867 4887 ’⁵⁵‘
899 4852 974 4909 o.d.
994 4854 1045 4909 Et.
1066 4858 1094 4907 2.
1123 4851 1211 4908 ””44
1226 4851 1343 4923 publica
1355 4852 1552 4907 convenerunt
1564 4850 1602 4902 90.
1636 4848 1682 4883 ²⁵⁸⁸
1712 4851 1794 4908 deest

92 4923 120 4977 4.
137 4926 161 4976 4.
180 4936 209 4975 4.
232 4938 261 4991 p.
276 4926 306 4977 7.
335 4919 551 4992 ²⁵⁵⁷imperator
567 4920 593 4975 h.
611 4925 638 4976 4.
658 4919 731 4977 ””4.
751 4928 773 4978 t.
789 4925 841 4978 Et.
861 4928 889 4978 4.
918 4921 964 4957 ””
979 4939 1078 4994 magna
1109 4927 1139 4979 7.
1159 4921 1205 4955 ‚so
1228 4936 1348 4979 narrare
1363 4921 1481 4991 longum
1501 4921 1527 4975 4.
1564 4917 1609 4951 ²⁸⁶¹
1635 4923 1728 4977 tannen
1758 4924 1789 4978 4.

90 4989 139 5023 ””
160 4992 248 5047 hvct.
268 4996 297 5046 7.
317 4990 362 5023 ²²⁸³
380 4996 409 5046 ut
426 5005 481 5061 que
506 4995 531 5046 6.
560 4991 606 5025 ””
636 4991 769 5068 instituta
785 4998 857 5051 c.7.
888 4999 926 5051 64.
969 4994 1014 5028 ””
1042 4995 1123 5052 (hert
1151 4998 1179 5050 4.
1222 4991 1268 5025 ””
1296 4992 1341 5050 vel
1370 4995 1398 5047 4.
1430 4990 1476 5025 ””
1504 4989 1560 5046 nil.
1602 4988 1632 5045 d.
1673 4996 1720 5049 cst
1758 4994 1786 5049 4.

92 5060 138 5094 ””
164 5061 335 5142 decat73d.
361 5064 457 5118 esrae.
474 5060 602 5118 delatum
618 5064 668 5118 El.
689 5061 734 5095 ””
747 5064 926 5135 berengerus
951 5071 980 5122 6.
1000 5067 1036 5122 Α.
1051 5068 1089 5124 S.
1110 5065 1253 5133 harengi
1285 5062 1387 5166 haring
1407 5065 1431 5120 6.
1450 5065 1492 5117 9⁰.
1522 5058 1659 5130 beringer
1680 5069 1709 5117 7.
1743 5063 1792 5119 be·

93 5132 219 5201 cinglo.
240 5133 420 5198 beringarii.
442 5134 542 5187 liiii.
574 5131 621 5165 ²⁸⁷⁰
646 5133 727 5190 dccet
758 5139 803 5191 td.
823 5141 868 5192 tl.
904 5134 950 5169 ²⁸⁷¹
974 5131 1219 5194 confirmaverunt
1232 5135 1284 5190 El.
1303 5132 1395 5189 2²¹¹
1414 5132 1539 5189 adcorr.
1566 5129 1617 5187 ch.
1640 5135 1669 5188 6.
1688 5131 1791 5191 ²¹⁷⁸re·

90 5202 248 5258 reruntiam
271 5196 361 5257 6.””
383 5219 408 5272 q.
440 5203 468 5258 in
502 5206 530 5260 4.
565 5202 648 5259 ””4,
666 5206 800 5263 444446.
817 5209 845 5263 4.
892 5206 938 5239 ””
966 5201 1499 5264 4444444444.””444444ἰ44.””
1524 5206 1601 5260 444.
1627 5200 1736 5264 maret
1757 5207 1786 5264 l.

49 5310 57 5319 ,
89 5270 137 5306 ¹⁸⁷⁹
152 5272 236 5330 multi
250 5275 280 5328 6.

140 5411 205 5554 3473
218 5413 362 5470 Wernitz.

161 5487 207 5565 48,
224 5483 265 5540 Gi.
279 5484 474 5556 conditiones,
492 5485 518 5565 in
534 5500 607 5556 quas
622 5490 831 5565 convenerunt,
846 5489 919 5546 lion.
936 5491 1020 5561 Legg.
1038 5488 1071 5558 ll,
1089 5505 1115 5562 p.
1132 5491 1176 5546 74.

879 5346 994 5403 NOTAE.
