3788 6000
145 206 201 286 lau
618 202 998 280 cuccursaeanrrs'
1020 207 1364 278 rcnvrurascusrs
1788 210 1846 271 auc

141 368 205 412 nem
222 352 432 410 virdunensem
448 347 650 424 episcopatum
666 348 767 405 licimo
783 348 905 406 sortitus
920 363 963 405 es·
979 351 1006 411 A
1022 346 1127 404 docilis
1142 347 1249 419 ingenii
1266 350 1378 403 attente
1396 343 1505 416 rimari,
1522 349 1552 401 ut
1580 349 1793 414 agnosceretur
1810 345 1845 401 ab

142 446 196 513 set,
215 444 337 500 domnus
351 441 514 497 bichardus
528 439 623 496 locum
636 439 717 495 illum
730 438 888 507 regendum
903 451 964 493 sus-
1021 436 1155 493 omnibus
1170 435 1265 506 magni
1282 449 1346 491 eum
1362 436 1490 492 lutrarum
1507 447 1574 489 esse
1603 431 1745 504 preconii,
1759 447 1845 504 quem

142 533 229 604 cepit.
257 531 345 601 CuJus
370 531 468 598 vitam,
495 543 590 584 mores
614 531 643 583 et
659 532 753 594 actus,
780 524 964 581 nobilitatem
1022 524 1065 581 sic
1076 524 1296 580 commendabat
1308 521 1619 591 acurneninlellcctus,
1629 526 1844 578 secretorumet

142 620 268 693 generis,
281 619 398 675 inicium
409 617 621 686 conversionis,
634 614 761 672 studium
773 614 923 683 religionis
936 618 966 669 et
1022 612 1204 669 misticorum
1220 627 1322 684 capax,
1335 613 1548 683 cooperanteet
1557 608 1742 682 praecedente
1749 610 1845 678 gratia

143 708 392 782 perseverantiam
405 706 593 777 perfectionis
604 704 754 761 humilitas
765 709 865 759 nostra
879 717 965 759 sensu
1021 703 1081 757 Dei.
1100 701 1160 773 (lol.
1178 702 1235 773 74.)
1251 700 1395 757 Transivlt
1411 704 1509 771 itaque
1525 700 1552 755 in
1568 698 1668 755 cadom
1687 699 1759 755 urbe
1780 715 1846 770 pro-

145 797 214 854 lieet
235 797 315 853 tenui
330 800 360 852 et
376 808 510 851 sermone
530 793 641 849 rivatico
661 792 827 849 describere
847 790 965 860 gliscit;
1023 789 1123 846 ficiens
1135 804 1226 861 usque
1242 790 1277 845 ad
1287 789 1703 861 perlectamincrementorum
1716 793 1844 860 aetatem,

146 887 213 959 quia
229 886 253 942 si
270 885 339 956 quid
356 900 467 953 sumus,
484 899 549 940 cum
569 882 657 938 nichil
674 881 773 951 simus,
791 886 882 937 totum
901 886 967 952 post
1021 879 1106 949 etqui
1120 878 1397 947 eratacoringeuio,
1407 877 1510 933 statuit
1523 876 1697 947 sibimetipsi
1715 891 1845 933 normam

145 976 233 1031 Deum
250 979 279 1030 et
293 977 411 1030 sanctos
430 972 494 1042 cius
513 970 719 1028 ascribendum
735 974 779 1025 est
796 969 909 1025 meritis
926 969 967 1039 ip·
1022 967 1148 1038 vivendi,
1167 967 1300 1024 recidens
1314 967 1342 1021 in
1356 981 1387 1023 sc
1404 967 1500 1035 noxia,
1523 980 1587 1036 qua>
1604 965 1632 1020 iu
1649 964 1713 1020 aliis
1741 964 1845 1020 solerti

145 1063 216 1120 sius.
234 1062 314 1118 Unde
330 1060 509 1117 invocandus
528 1064 573 1116 est
594 1058 677 1114 nobis
694 1056 892 1130 spiritualium
910 1056 968 1112 dis·
1021 1054 1172 1124 vigilantia
1190 1054 1618 1126 reprehendebat.Probathoc
1631 1053 1769 1123 religiosa
1779 1053 1846 1110 vitae

146 1152 275 1208 tributor
283 1151 471 1206 karismatum
484 1149 611 1221 Spiritus
624 1152 754 1216 sanctus,
768 1152 800 1203 ut
813 1145 968 1202 beatitudi-
1021 1143 1085 1213 ejus
1101 1145 1297 1214 conversatio,
1314 1148 1343 1199 ct
1359 1143 1529 1200 continuata
1542 1143 1683 1198 malorum
1705 1142 1846 1211 redargu·

145 1254 209 1295 ncm
224 1238 288 1309 eius
302 1254 355 1295 suo
376 1238 491 1309 quidem
513 1251 611 1305 sensu,
629 1240 730 1292 nostro
750 1248 800 1290 ore
820 1235 966 1304 enunciet,
1024 1231 1075 1300 tio,
1090 1246 1145 1302 qna
1157 1238 1271 1288 tantum
1286 1232 1453 1288 abundabat
1464 1231 1550 1286 animi
1566 1230 1628 1300 cjns
1653 1229 1767 1286 directa
1780 1231 1846 1285 sim-

145 1332 177 1385 ut
193 1327 329 1384 laudetur
341 1327 369 1381 in
381 1327 520 1399 operibus
536 1325 609 1396 suia,
624 1328 653 1379 et
669 1328 808 1395 appareat
824 1323 966 1379 mirabilis
1024 1319 1150 1391 plicitas,
1169 1325 1199 1377 nt
1218 1337 1269 1392 pro
1286 1306 1408 1376 zelcllei
1420 1318 1844 1389 etemulatiochustitiaeprar-

143 1417 171 1472 in
192 1416 304 1473 sanctis
326 1415 395 1471 suis.
1023 1409 1153 1465 centoris
1168 1415 1198 1465 et
1215 1407 1414 1464 archidiaconi
1426 1408 1451 1463 ci
1463 1407 1587 1463 cilicium
1599 1406 1842 1474 committeretur,

180 1509 204 1562 l.
226 1504 261 1538 ’Π
275 1504 381 1559 Extitit
396 1501 486 1572 igitur
506 1501 687 1557 nobilissima
705 1502 879 1557 Francorum
901 1500 968 1556 stir·
1024 1503 1052 1552 el
1070 1497 1239 1567 magisterio
1256 1497 1318 1566 ejus
1343 1496 1500 1568 dispositio
1529 1495 1679 1552 Remeusis
1702 1494 1851 1567 aecclesiae,

146 1607 181 1666 pe
201 1591 382 1664 progenitus,
399 1595 481 1661 patre
486 1631 591 1645 .....
613 1586 657 1656 ²⁷⁸,
676 1592 769 1642 matre
784 1602 853 1643 vero
858 1628 964 1641 .....
1022 1584 1200 1642 traderetur.
1215 1585 1264 1641 Cui
1282 1585 1376 1641 cilicio
1388 1599 1473 1656 quam
1486 1589 1615 1654 strenue,
1628 1585 1846 1656 quampruden-

144 1680 179 1714 ²⁷⁸
195 1682 262 1751 (83),
275 1684 304 1735 ct
316 1680 351 1734 ab
364 1679 434 1750 ipsis
447 1677 575 1750 iulantiae
587 1676 760 1733 rudimentis
773 1676 880 1732 litteris
897 1675 967 1731 libe·
981 1708 1008 1766 B
1024 1679 1078 1743 ter,
1095 1689 1180 1744 quam
1197 1673 1336 1729 sollerter
1352 1673 1559 1743 invigilaverit,
1576 1687 1610 1728 ne
1623 1672 1703 1728 nimii
1719 1673 1844 1729 sortasse

145 1765 297 1823 ralibusin
309 1765 441 1821 aecclesia
454 1769 561 1820 sanctae
574 1763 668 1819 llariae
683 1761 834 1817 [lemensis
851 1761 967 1816 iustitu-
1024 1762 1168 1819 laudando
1185 1763 1376 1833 inveniamur,
1394 1761 1481 1818 silero
1498 1761 1692 1831 decrevimus,
1720 1760 1843 1816 maxime

146 1861 204 1912 tus.
216 1855 284 1921 Quae
294 1852 418 1910 ecclesia
428 1858 512 1908 tanto
523 1858 591 1908 tuuc
603 1852 743 1907 vernabat
756 1849 906 1919 religionis
919 1849 968 1905 dc·
1022 1866 1086 1907 cum
1099 1857 1129 1907 et
1147 1852 1294 1908 silentium
1309 1851 1403 1922 ipsum
1416 1850 1478 1907 laus
1489 1851 1553 1921 eius
1567 1851 1616 1921 sit,
1631 1851 1697 1921 quia
1712 1850 1736 1907 si
1754 1854 1844 1906 totam

145 1958 223 2011 core,
249 1947 293 1997 tot
317 1955 505 2013 personarum
531 1938 671 1995 nobilium
697 1943 727 1993 et
751 1937 964 2008 religiosarum,
1023 1936 1845 2010 substantiamuostranrinlaudibusejussuperextende-

145 2046 218 2104 quas
232 2031 295 2102 ipsa
308 2029 335 2084 iu
348 2043 379 2085 se
392 2028 579 2098 educaverat,
597 2027 653 2083 sibi
668 2025 863 2098 adplaudebat
880 2025 968 2081 hone·
1023 2043 1131 2098 ceruus,
1145 2028 1239 2084 nrinus
1250 2034 1330 2084 esset
1343 2028 1419 2099 quod
1436 2028 1608 2098 diceremus,
1622 2026 1698 2083 adid
1719 2025 1845 2098 quoddi-

147 2126 192 2178 ata
208 2118 418 2175 numerositate
429 2120 457 2172 et
470 2116 584 2173 decenti
601 2116 765 2184 honestato,
779 2119 809 2171 ut
826 2114 967 2183 religione
1022 2117 1144 2172 cendum
1159 2120 1248 2172 essct.
1266 2115 1630 2187 iubilatcrgoinlaudibus
1643 2117 1707 2187 ejus
1725 2115 1844 2172 Remen-

147 2202 968 2281 ipsapraemineretomninusaecclesiiscelglcae‚torma·
1023 2205 1065 2260 sis
1076 2205 1220 2275 aecclesia,
1238 2205 1304 2276 quia
1320 2205 1421 2275 etipsa
1443 2205 1506 2276 eius
1522 2204 1649 2274 devotio,
1678 2219 1733 2275 qua
1759 2203 1786 2258 in
1812 2217 1844 2258 ea

147 2309 203 2366 que
218 2299 298 2350 esset
317 2293 451 2349 omnibus
471 2292 593 2348 honeste
614 2289 729 2347 vivendi
747 2293 885 2360 recteque
901 2303 968 2344 con·
1024 2292 1150 2349 ildelitcr
1162 2292 1522 2362 laboravitlauseJ‘usest.
1538 2294 1681 2349 Utebatur
1697 2296 1844 2364 potestate

146 2381 283 2439 versandi
298 2381 326 2436 in
341 2381 492 2450 castitate,
514 2380 542 2435 in
558 2379 691 2448 scientia,
708 2378 736 2432 in
755 2376 919 2447 disciplina,
938 2377 966 2432 iu
1024 2381 1079 2437 sibi
1095 2381 1202 2437 tradita
1220 2381 1843 2452 inaedificationem‚nonindestructionem,

144 2470 462 2541 correptionemcrum‚
477 2468 504 2523 iu
514 2467 673 2523 exibitione
684 2467 823 2522 bonorum
835 2481 963 2538 operum.
1022 2469 1132 2526 babens
1148 2470 1314 2525 libertatem
1328 2470 1407 2525 vocis
1419 2470 1530 2538 judicic
1547 2485 1600 2525 suo
1613 2469 1766 2525 confutare
1778 2481 1845 2525 reos

144 2559 253 2616 Probat
269 2559 323 2615 hcc
335 2557 432 2614 domni
444 2560 473 2611 ct
485 2570 553 2612 vere
566 2556 658 2613 sancti
675 2554 834 2611 Constantii
850 2555 967 2610 canoni·
1021 2563 1052 2614 et
1066 2559 1252 2628 convincere,
1268 2557 1437 2629 nulliusque
1449 2572 1602 2629 personam
1613 2558 1640 2612 in
1650 2556 1844 2626 jndicioacci-

144 2648 171 2705 ci
180 2647 311 2717 eiusdem
320 2645 461 2703 aeccleaiae
474 2645 530 2717 pia,
543 2643 966 2701 constansetlldclisconstan·
1023 2661 1100 2718 perc.
1118 2647 1230 2713 Quibus
1246 2646 1334 2703 relius
1351 2647 1389 2702 ita
1400 2647 1537 2716 cognitus
1554 2650 1615 2703 erat
1645 2645 1790 2715 omnibus,
1811 2649 1842 2701 ut

143 2735 196 2806 tia,
207 2735 334 2804 itemque
346 2734 469 2791 alterius
482 2733 644 2788 Constantii
655 2732 829 2788 imitandact
838 2732 965 2788 recoleu-
1022 2735 1332 2805 absensetiamprosui
1346 2735 1508 2791 reverentia
1518 2740 1547 2791 et
1558 2735 1663 2791 inllexa
1676 2732 1842 2790 constantia

144 2823 179 2879 da
196 2823 224 2878 in
239 2836 383 2894 pauperes
401 2820 557 2877 laudabilis
577 2835 674 2877 rerum
696 2835 813 2876 suarum
834 2821 964 2891 prolusio
1021 2824 1167 2879 acunctis
1181 2823 1345 2893 timeretur,
1368 2825 1396 2877 ct
1413 2823 1523 2894 pariter
1544 2837 1644 2879 omnes
1669 2836 1755 2879 senes
1776 2835 1841 2877 cunt

142 2915 171 2968 et
182 2911 273 2967 totius
284 2910 450 2983 patrimonii
466 2909 620 2981 dispersio.
638 2909 766 2975 Quorum
783 2909 906 2965 alterum
924 2910 965 2980 ip·
1017 2910 1675 2981 jurnicribnsllicbardiinadulatamgravitatis
1687 2924 1841 2968 censuram

142 3013 174 3057 sa
190 3015 241 3057 sua
258 2998 439 3057 commendat
461 2997 563 3068 religio
582 3002 612 3053 et
633 3012 719 3068 opera
741 2997 962 3068 misericordias,
1020 2998 1841 3071 reverebantur.Erateuimvereroligiosus,orationibus

141 3086 266 3145 alterum
278 3088 351 3144 adeo
364 3101 522 3159 pauperum
537 3085 677 3158 praedicat
691 3085 851 3156 miseratio,
865 3090 896 3142 ut
907 3085 963 3157 ipsi
979 3064 1003 3124 C
1018 3089 1166 3145 coutinuis
1181 3102 1298 3144 vacans.
1322 3088 1372 3143 Cui
1384 3090 1472 3144 ctiam
1485 3089 1574 3144 moris
1591 3093 1653 3145 crat
1667 3087 1839 3160 psalterium

142 3175 197 3234 soli
211 3176 320 3233 inventi
335 3177 405 3247 sint,
422 3176 468 3247 qui
484 3175 558 3230 tanti
573 3175 627 3230 viri
645 3173 711 3231 dum
729 3174 838 3230 dollent
851 3174 962 3230 obitum

141 3266 302 3339 praedicant
318 3266 462 3333 meritum,
475 3269 503 3320 ct
515 3264 582 3320 dum
595 3264 680 3320 sunus
692 3263 772 3319 illius
784 3268 866 3332 grata
879 3265 964 3320 scdu-

141 3352 226 3410 litatc
242 3353 364 3409 olllciosi
381 3358 551 3424 procurant,
564 3351 631 3408 dum
644 3351 679 3407 acl
693 3351 787 3407 nrissac
802 3351 963 3422 solempnia

142 3454 207 3512 quae
223 3447 347 3514 possunt
371 3456 422 3512 pro
447 3440 548 3511 requie
563 3439 625 3509 ojus
642 3440 810 3496 uruuuscnla
827 3440 961 3510 ollcrunt,

141 3534 210 3592 dum
225 3545 326 3587 omues
343 3528 458 3585 insimul
485 3529 562 3585 cirea
587 3543 694 3601 corpus
718 3529 867 3599 aggregati
882 3544 962 3584 suam

139 3621 249 3678 dellent
263 3618 481 3686 desolationem,
495 3623 525 3673 ot
542 3632 622 3673 suam
635 3617 749 3672 intanti
764 3616 962 3673 elemosinarii

140 3709 352 3780 ingeminantes
367 3711 588 3777 conqueruntur
605 3706 836 3777 destitutionem,
847 3706 910 3773 ejrrs
922 3706 963 3760 ni-

140 3799 245 3856 mirum
256 3796 344 3853 vitam
355 3795 436 3850 miris
448 3793 583 3850 laudibus
593 3793 750 3863 extollunt,
762 3794 824 3849 etsi
838 3793 963 3865 quidhu.

141 3901 235 3946 manaa
249 3889 361 3942 naturae
375 3883 448 3939 vitio
463 3883 490 3937 in
501 3898 535 3939 co
552 3886 723 3954 corruptum
739 3888 794 3952 est,
808 3882 835 3937 id
848 3882 909 3939 suis
924 3882 963 3938 la·

139 3975 239 4035 crimis
255 3976 357 4044 tegunt
368 3976 396 4027 ct
409 3972 554 4043 operiunt.
573 3970 640 4027 ldco
651 3975 748 4028 autem
759 3971 861 4027 horum
878 3986 962 4028 cons·

139 4064 262 4126 tantiam
278 4063 314 4119 ad
329 4059 492 4133 exemplum
510 4059 637 4116 fidelium
659 4060 704 4116 laic
725 4060 910 4132 inseruimus,
929 4065 959 4115 ut

137 4156 277 4225 agnoscat
301 4151 350 4223 qui
370 4150 483 4222 legerit,
500 4155 543 4205 tot
558 4153 587 4206 et
603 4149 678 4205 tales
693 4149 772 4206 viros
787 4150 815 4205 in
832 4148 959 4221 palestra

136 4247 245 4303 cancta
258 4241 410 4297 Remensis
421 4237 563 4296 aecclesiae
575 4253 628 4295 nee
641 4239 702 4294 siue
714 4239 864 4308 magistris
876 4239 960 4295 desu-

138 4330 232 4400 dasse,
251 4344 304 4386 nee
319 4330 361 4385 sic
378 4330 458 4386 solos
477 4328 606 4385 evasisse
630 4342 743 4384 carneae
762 4326 847 4384 molis
862 4342 960 4384 carce·

1018 3176 1161 3233 exordlne
1172 3192 1289 3247 quoquo
1299 3176 1459 3245 diedicere,
1471 3181 1499 3233 ct
1513 3177 1622 3248 primos
1635 3175 1841 3246 quidemquin-

1019 3264 1301 3337 quagenospsalmos
1313 3265 1416 3321 stando
1446 3267 1627 3322 rrrarribusad
1656 3269 1766 3321 terram
1792 3263 1839 3320 de·

1018 3354 1466 3424 llcxisdicelrat,quinquagenos
1477 3358 1604 3424 erectus,
1621 3354 1839 3425 quinquagenos

1017 3447 1185 3514 prostratus
1200 3447 1261 3498 toto
1277 3458 1411 3513 corpore,
1424 3446 1468 3498 set
1500 3458 1668 3514 suspensus.
1696 3440 1839 3498 Articulis

1018 3531 1123 3604 pedum
1140 3545 1311 3588 raranuumvc
1323 3535 1507 3586 sustentatus
1527 3532 1694 3602 perorabat.
1721 3528 1839 3586 Solebat

1017 3621 1105 3677 etiam
1121 3625 1315 3676 antecruecm
1335 3620 1495 3676 orationem
1526 3619 1702 3676 cotidianam
1728 3619 1837 3689 dicere,

1019 3708 1837 3779 quarumhecerantonmiumversuuminicianldcrcte,

1020 3797 1674 3869 ditrictaercccmcaceadcateru,etbenedico
1695 3798 1730 3855 te.
1761 3797 1837 3863 Quas

1017 3903 1082 3944 curn
1095 3887 1140 3944 die
1153 3901 1207 3943 una
1225 3886 1313 3943 munta
1331 3893 1498 3959 perorasset
1510 3888 1791 3958 instantia,surgcns
1802 3887 1837 3942 ab

1017 3978 1159 4047 oratione,
1177 3980 1205 4031 et
1223 3976 1393 4032 crucifixum
1405 3993 1469 4033 curu
1483 3976 1612 4034 lacrimis
1624 3976 1837 4050 aspiciensau·

1016 4066 1088 4123 divit
1106 4080 1204 4121 vocem
1217 4065 1440 4122 dicentemsibi:
1458 4066 1699 4125 rameinterris
1723 4063 1837 4122 decedi·

1014 4156 1101 4222 cisti,
1112 4156 1141 4211 el
1150 4169 1201 4223 epo
1213 4153 1389 4211 iertedicote.
1401 4155 1435 4210 Et
1443 4154 1555 4211 clevata
1572 4154 1761 4226 dextera,qui
1772 4158 1836 4210 erat

1015 4244 1043 4300 in
1060 4246 1150 4300 iorum
1166 4243 1262 4300 crucis
1276 4243 1424 4299 benedixit
1440 4259 1514 4301 cum.
1530 4243 1836 4311 Quadulcedinecom·

1015 4335 1151 4404 punctus,
1168 4331 1280 4402 gratias
1294 4332 1353 4401 egit
1371 4332 1646 4404 sacerdotisummc,
1659 4331 1834 4403 etcepitjam

137 4430 208 4489 rem,
230 4423 261 4474 ut
284 4431 340 4474 non
360 4416 533 4487 reliquerint
558 4415 671 4486 aliquos
691 4417 734 4474 sni
758 4417 901 4488 propositi
918 4421 958 4473 lo·
973 4429 1000 4489 D
1013 4425 1097 4477 tauto
1112 4421 1205 4477 artius
1212 4421 1388 4492 perfectiora
1402 4421 1546 4492 meditari,
1561 4426 1669 4493 quanto
1683 4421 1835 4492 gratiosio-

137 4512 199 4566 stes
214 4513 242 4564 et
258 4513 476 4579 cooperatores,
494 4507 541 4576 qui
556 4521 655 4563 eornm
667 4513 696 4563 ct
711 4507 835 4577 vestigia
853 4507 956 4564 imitati

137 4600 168 4655 el
184 4596 251 4653 fidei
274 4595 413 4652 virtutem
430 4595 487 4651 sint
505 4594 671 4666 amplexati.

173 4690 198 4742 t.
216 4686 246 4740 ln
263 4685 316 4742 bac
329 4699 398 4754 ergo
410 4683 543 4740 aecclesia
556 4685 700 4754 religiosae
712 4684 819 4741 indolis
829 4700 901 4756 puer
912 4686 958 4741 lli-

136 4774 264 4832 chardus
279 4774 387 4830 litteris
404 4774 530 4831 traditus
545 4774 727 4843 imbuendus
744 4775 824 4830 brevi
843 4774 957 4844 singula

136 4863 319 4936 percucurrit
337 4878 399 4934 quac
417 4864 621 4933 magistrorum
639 4862 767 4919 sollertia
785 4877 958 4933 percurren-

135 4951 170 5007 da
197 4953 332 5022 signavit.
360 4954 443 5025 Cepit
455 4954 512 5024 J'am
528 4953 632 5009 altiora
657 4950 801 5021 meditari,
817 4957 845 5008 ct
863 4968 927 5024 quae
942 4968 957 5009 a

135 5041 285 5110 magistris
305 5056 362 5098 non
383 5041 537 5113 didicerat,
563 5041 717 5098 vivacitate
732 5045 761 5096 et
777 5042 955 5113 perspicacia

1013 4526 1073 4568 rcrn
1090 4511 1166 4567 circa
1184 4525 1214 4565 sc
1225 4510 1774 4580 agnoscebatdulcediucnrrniserentis
1785 4510 1834 4566 Ilei

1013 4600 1074 4655 Hoc
1090 4598 1272 4656 nosllcdorni
1286 4599 1372 4671 positi
1389 4615 1403 4654 a
1421 4598 1833 4670 virisreligiosisandivimus,

1015 4687 1834 4760 quietipsisclatabanturaudisscaHngonocognomine

1013 4777 1287 4847 Grarnmatico,viro
1297 4781 1418 4832 strenuo
1430 4784 1459 4833 et
1471 4776 1619 4848 religioso,
1641 4779 1835 4848 Rotomageu·

1012 4865 1835 4937 sisaecclcsiaearclridiacono‚quillcmisinaecclesiasan·

1011 4958 1067 5011 ctae
1079 4955 1174 5011 llario>
1192 4969 1324 5026 presens
1334 4955 1426 5012 adluit
1439 4956 1554 5026 quaudo
1564 4957 1619 5013 hec
1643 4960 1727 5028 gesta
1754 4959 1832 5011 suut.

1047 5048 1071 5099 3.
1090 5044 1271 5101 Verumcnm
1283 5043 1311 5100 iu
1327 5042 1512 5104 dieslervore
1529 5044 1661 5117 religiosi
1689 5044 1834 5118 propositi

814 5166 932 5222 VARIAE
953 5167 1151 5225 LECTIONES.

168 5261 202 5296 ¹⁷⁷
217 5265 335 5322 ammai
349 5265 481 5338 capitum
495 5264 685 5325 catartaria
697 5264 804 5323 codice.
816 5263 851 5297 ²⁷⁸
868 5265 946 5323 laerta
960 5267 1055 5325 accat.

924 5364 1036 5420 NOTAE,

170 5456 226 5528 (83)
241 5459 321 5515 Patri
337 5465 400 5516 erat
418 5460 548 5531 walteri,
566 5461 652 5519 matri
666 5461 844 5520 theodrada
859 5473 974 5535 nomeu,
993 5468 1024 5520 ut
1039 5467 1168 5523 testatur
1184 5468 1288 5525 auctor
1300 5464 1374 5525 Vite
1389 5463 1528 5525 Richardi
1542 5479 1589 5541 ap.
1604 5462 1741 5526 liabillon
1756 5467 1830 5523 Anu.

133 5526 181 5587 SS.
198 5528 269 5590 Sco.
287 5531 365 5605 vl,l.
379 5533 410 5589 ll.
