3788 6000
86 231 125 298 55
564 248 746 315 nuncius
771 249 951 348 asconis
973 249 1316 315 sraviurscsusis
1756 245 1799 309 ss

88 374 190 450 precio
206 383 340 439 ementes
355 392 370 438 a
388 378 537 442 Germanis
553 383 700 459 stipendia
717 385 909 460 accipiebant.
926 381 955 444 Α
971 387 1053 460 [hoo]
1071 387 1133 455 Quo
1147 386 1169 421 ⁸⁸
1185 392 1316 460 tempore
1331 385 1521 444 viennensem
1542 382 1697 442 ecclesiam
1714 396 1799 455 rege.

89 466 143 525 Ubi
156 482 221 525 cnm
234 467 350 527 duohus
362 471 445 529 annis
457 474 649 547 resedissent,
660 477 834 549 perlegales
846 475 913 533 invi·
971 479 1018 534 hat
1031 477 1195 546 Nicolaum
1207 477 1458 549 praeclarissimus,
1469 478 1498 529 et
1509 475 1611 530 iustus
1624 473 1798 544 Lugdunen-

91 556 144 614 tati
162 572 176 614 a
193 557 331 616 llomanis
347 565 377 616 ct
393 561 483 619 Gallis
499 564 546 634 qui
560 565 588 620 in
600 565 836 636 Lugdunensium
849 580 914 635 pro·
970 582 1041 623 sein.
1059 566 1109 623 llic
1126 567 1180 624 suh
1193 566 1348 623 Paschasio
1360 564 1525 620 nutritnset
1537 561 1649 620 Claudii
1660 562 1796 635 episcopi

89 645 184 702 vincia
197 646 344 720 Cisalpina
356 649 445 707 Gallia
462 656 575 709 comata
593 653 833 725 residebant(iol.
846 653 912 727 al'),
970 657 1111 713 diaconus
1139 656 1174 711 ad
1206 656 1426 726 Lugdunensem
1453 651 1607 709 ecclesiam
1637 652 1796 722 negendam

91 733 240 794 attributa
255 736 296 795 rei
307 737 432 811 puhlicm
442 754 565 798 rennuere
577 746 708 815 possent,
717 742 755 798 ihi
768 758 833 800 cum
845 758 915 801 uxo·
968 743 1132 802 translatus
1146 749 1200 802 est.
1218 743 1351 815 synodus
1368 747 1420 798 lac
1429 745 1544 814 patrum
1556 744 1757 811 congregatur
1768 740 1795 795 in

92 821 213 882 rihusct
225 824 406 898 liherisjuasi
418 833 485 886 sunt
498 830 629 888 residere
640 831 723 899 (Vita
735 833 872 904 sigism),
885 835 914 888 et
970 837 1042 894 urhe
1064 835 1144 904 regia
1166 835 1219 892 suh
1235 836 1357 890 damaso
1374 846 1446 903 papa
1462 835 1492 887 ct
1508 830 1646 886 Gratiano
1662 827 1797 901 principe

93 910 132 969 ihi
150 921 354 972 remanserunt
378 915 475 974 levato
499 934 588 990 super
604 934 635 977 se
651 934 719 992 rege
734 921 913 993 Guadiocho,
968 929 1070 982 corrtra
1085 922 1282 980 llacedoaium
1297 925 1325 978 et
1341 920 1512 977 Eudoxium.
1529 916 1629 991 [lum]
1645 919 1727 973 luter
1742 917 1797 972 llo·

93 1000 141 1072 qui
158 1002 212 1059 tuit
228 1016 335 1074 genere
350 1006 520 1064 Athanarici
535 1010 759 1080 persequutoris
772 1010 850 1081 regis
862 1011 916 1067 Go·
970 1028 1069 1071 manos
1083 1018 1114 1069 ct
1129 1012 1239 1069 Gothos
1255 1010 1338 1082 plura
1354 1008 1514 1067 certamina
1531 1010 1740 1064 conseruntur.

92 1089 209 1148 thorum
226 1091 315 1164 (Gra,
339 1094 407 1153 Vita
432 1097 458 1151 S.
478 1097 677 1171 chrothildis).
694 1099 915 1157 Valentinianus
1006 1103 1159 1175 [Panassa]
1176 1105 1258 1158 dano
1272 1102 1298 1155 3.
1316 1097 1398 1168 regni
1422 1095 1574 1154 Theodosii
1600 1094 1796 1151 Athanaricus

94 1184 137 1236 ll.
152 1194 227 1236 anno
240 1181 321 1252 regni
334 1183 379 1239 sui
392 1183 419 1240 iu
432 1184 581 1243 Britannia
591 1201 753 1260 oppressus
766 1186 789 1221 ⁸⁰
803 1193 858 1259 est,
868 1203 917 1245 ro·
970 1207 1022 1248 rex
1047 1191 1218 1247 Gotthorum
1238 1203 1270 1245 sc
1285 1186 1448 1244 Theodosio
1464 1184 1567 1256 tradit,
1584 1190 1614 1240 et
1630 1184 1797 1241 Constanti·

94 1268 166 1326 mitu
194 1271 342 1341 sanguinis
366 1274 516 1331 extinctus
537 1281 583 1332 ost
599 1275 752 1350 [liranuml.
770 1278 916 1335 Successit
972 1277 1244 1351 nopolimucuicns‚
1259 1290 1386 1347 magnoa
1398 1275 1529 1346 principe
1539 1273 1648 1330 honore
1657 1272 1796 1341 donatus,

94 1356 200 1415 valens
213 1374 279 1417 cum
294 1360 431 1420 Gratiano
446 1367 475 1420 et
490 1362 703 1436 Valentiniano,
721 1365 789 1424 llliis
816 1366 916 1424 iratris
971 1375 1013 1426 13.
1027 1369 1074 1425 die
1085 1367 1208 1438 interiit,
1222 1371 1251 1423 et
1268 1366 1402 1422 Alaricus
1413 1363 1569 1433 successit,
1581 1359 1757 1418 llerahaudo
1767 1366 1798 1416 ct

95 1447 153 1518 sui,
166 1449 297 1519 regnavit
313 1448 335 1484 ⁸¹
351 1451 433 1509 annis
448 1455 473 1523 l,
486 1454 534 1525 qui
551 1460 581 1510 et
596 1453 690 1526 legem
706 1456 756 1513 dat
773 1459 803 1514 ut
820 1471 916 1513 mona·
971 1457 1128 1516 Saturnino
1143 1455 1322 1514 consulibua.
1337 1453 1436 1526 [lnam]
1452 1451 1609 1510 Undecimo
1623 1464 1700 1507 anno
1714 1450 1797 1520 regni

93 1535 140 1592 cm
156 1536 327 1609 militarent,
344 1538 477 1598 nolentes
495 1543 585 1615 jussit
612 1543 745 1600 iuterllei.
762 1546 875 1603 lustina
894 1545 916 1580 ⁸¹
972 1548 1017 1606 sui
1033 1547 1151 1603 Romam
1167 1545 1321 1615 ingressus
1336 1559 1402 1600 cum
1419 1541 1478 1598 illio
1494 1541 1632 1610 Honorio,
1645 1539 1727 1609 leges
1743 1538 1799 1595 llo·

95 1627 374 1699 autem‚superi0ris
384 1628 577 1688 Valentiniani
590 1648 673 1702 uxor,
683 1633 915 1693 Valentinianum
975 1651 1125 1694 alanorum
1142 1635 1256 1704 integra
1271 1627 1732 1700 currendationocorrexit.[Bsna]
1744 1627 1799 1683 lla·

97 1728 216 1786 quaerum
228 1716 397 1775 adheresim
404 1720 748 1780 arrianorumdeclinare
757 1725 914 1796 persuasit,
930 1743 958 1806 B
973 1727 1077 1796 ximus,
1094 1725 1140 1780 vir
1156 1728 1293 1780 strennus
1307 1727 1337 1778 ct
1353 1726 1480 1791 augusto
1496 1719 1614 1789 dignus,
1626 1717 1683 1774 nisi
1695 1720 1798 1774 contra

96 1806 251 1864 eratenim
267 1812 296 1864 et
313 1808 374 1881 ipsa
391 1810 522 1867 llrriana.
538 1813 689 1885 Preccptis
704 1829 774 1885 ergo
794 1815 917 1888 impera·
974 1813 1149 1872 sacramenti
1167 1812 1251 1868 iidem
1262 1807 1509 1882 pcrtyranuidem
1521 1803 1738 1876 emersisset“,
1752 1819 1800 1861 eo·

95 1894 191 1967 toliis,
203 1895 333 1955 Arrianis
341 1897 497 1957 traduntur
506 1901 918 1973 ecelesiae,etinmediolaucn·
974 1904 1039 1960 dem
1055 1917 1129 1959 auno
1146 1901 1174 1958 iu
1191 1899 1333 1956 Brittania
1350 1898 1459 1954 inaltus
1474 1897 1510 1954 ah
1525 1894 1660 1953 exercitu
1676 1894 1800 1966 impera-

97 1982 121 2038 si
139 1984 471 2047 ecclcsia⁸³Auxentius
483 1992 916 2061 promoveturhercticus.l>ost
974 1998 1022 2049 tur
1037 1997 1165 2061 creatus,
1184 1991 1210 2046 in
1228 1988 1350 2046 Galliam
1365 1987 1493 2056 transiit,
1511 1985 1609 2057 ihiquo
1628 1982 1798 2041 Gratianum

96 2072 181 2144 cuius
193 2079 835 2154 scrammortemdmhrosioepiscopodivino
847 2087 917 2140 nutu
974 2087 1131 2152 arigustum
1149 2079 1225 2137 dolis
1240 2078 1470 2136 circumuentum
1487 2074 1618 2145 Lugduni
1639 2071 1798 2130 interiecit.

99 2163 273 2235 constituto,
286 2180 351 2222 cum
368 2165 396 2222 io
411 2181 476 2223 eum
492 2168 572 2238 regia
588 2169 755 2226 desevirent
772 2170 917 2242 mandata,
975 2169 1055 2227 Unde
1070 2168 1092 2202 ⁸⁸
1106 2168 1292 2224 iheronimus
1309 2186 1315 2220 :
1335 2190 1347 2213 ι
1365 2167 1499 2222 Cruenta
1510 2164 1551 2220 ait
1562 2159 1799 2231 nranusvstigia

98 2254 126 2307 ot
145 2267 199 2309 una
216 2268 273 2324 quo
288 2254 403 2311 Arriani
418 2257 608 2314 convenirent
625 2263 776 2330 peteretur
797 2260 918 2319 basilica
976 2259 1103 2332 parietes
1126 2257 1169 2314 tui
1195 2257 1333 2327 Lugduuc
1348 2253 1370 2288 ⁸⁷
1387 2257 1532 2311 testantur
1558 2258 1612 2326 lep.
1630 2250 1685 2322 60).
1700 2273 1714 2301 a
1734 2251 1801 2306 Fra-

100 2357 152 2399 noc
169 2343 387 2417 impetraretur,
404 2345 588 2419 populusque
602 2348 731 2406 civitatis
746 2350 918 2407 observaret
976 2353 1108 2418 tremque
1135 2347 1199 2417 ejus
1227 2342 1461 2400 Valentinianum
1495 2338 1577 2397 ltalia
1616 2335 1741 2412 expulit,
1770 2344 1799 2393 et

100 2433 296 2506 Ambrosium,
309 2448 344 2492 ne
359 2434 387 2491 ui
404 2439 507 2507 raptus
522 2438 558 2494 ah
573 2437 697 2496 eeclesia
712 2439 800 2497 exilio
816 2440 920 2512 religa·
974 2437 1122 2493 Victorem
1148 2433 1238 2490 lilium
1260 2447 1344 2490 suum
1369 2430 1508 2498 instituit,
1526 2429 1575 2500 qui
1598 2426 1700 2485 eodem
1724 2439 1802 2483 anno

100 2523 190 2578 retur.
206 2536 369 2579 sermonem
385 2525 497 2596 hahuit,
515 2540 600 2597 quem
616 2527 651 2584 de
666 2529 819 2586 tradendis
844 2530 920 2585 hasi—
976 2540 1032 2597 quo
1062 2524 1201 2581 llaximus
1226 2523 1343 2578 occisus
1366 2525 1412 2577 est
1436 2520 1472 2575 ah
1498 2519 1670 2590 arbogaste.
1690 2514 1801 2588 [Banu

96 2608 163 2667 licis
177 2613 280 2668 eontra
295 2612 470 2669 Auxentium
488 2614 690 2686 praetitulavit,
701 2630 785 2687 quem
798 2618 864 2688 quia
874 2618 920 2674 his
975 2615 1128 2686 l‘nosrnnl.

97 2682 768 2774 nostrist'emporihuscongrucrcscimus,huic
779 2705 920 2776 opusculo
1012 2707 1092 2762 lianc
1107 2701 1131 2736 ⁸⁸
1144 2716 1214 2772 crgo
1230 2701 1383 2757 llaximum
1405 2697 1575 2754 llmhrcsius
1590 2710 1604 2753 a
1620 2695 1803 2753 communio·

98 2784 255 2844 adnectere
272 2787 441 2845 curabimus
456 2789 522 2861 (38).
540 2791 628 2848 Tanta
644 2792 720 2849 enirn
738 2794 841 2851 heatus
857 2797 921 2852 lm·
977 2795 1021 2851 nis
1030 2791 1179 2850 consortio
1190 2789 1580 2861 segregavit,ammonensut
1591 2783 1676 2842 effusi
1684 2784 1802 2855 sangui·

99 2874 224 2946 mosius,
241 2889 307 2932 cum
325 2876 451 2948 undiquc
466 2878 587 2934 lustina
613 2880 742 2938 Arrianae
767 2882 876 2953 regiuae
892 2884 920 2937 et
977 2883 1022 2941 uis
1037 2881 1144 2939 domini
1161 2881 1206 2937 sui
1220 2883 1249 2935 et
1265 2877 1341 2950 quod
1357 2875 1531 2946 cstgravius
1544 2873 1709 2931 innocentis
1721 2872 1802 2945 peni-

100 2963 179 3035 rcgis
194 2969 385 3037 appeteretur
400 2965 525 3038 insidiis,
542 2967 569 3023 in
586 2968 711 3026 ecclesia
732 2970 783 3027 liei
809 2969 922 3027 lahora-
977 2972 1098 3028 tentiam
1115 2973 1224 3040 ageret.
1244 2967 1298 3024 Sed
1314 2982 1378 3023 cum
1395 2964 1444 3021 ille
1465 2963 1654 3035 penitentiam
1672 2959 1801 3019 declinat

100 3051 140 3110 vit
157 3055 184 3110 et
201 3053 353 3112 desudavit
370 3052 523 3125 industria,
539 3060 571 3113 ut
587 3073 639 3129 per
653 3072 718 3114 eum
734 3059 768 3115 ad
786 3058 920 3116 ultimum
977 3060 1124 3132 superhus
1141 3057 1322 3129 spiritunon
1335 3052 1429 3110 solum
1442 3053 1568 3109 laturam
1580 3050 1632 3107 scd
1643 3055 1672 3107 et
1685 3064 1803 3120 presen-

101 3145 188 3201 reclae
201 3141 715 3216 lldeitotasubdereturltalia,Gens
728 3146 816 3217 igitur
828 3149 922 3205 lluno·
979 3154 1035 3206 tem
1053 3147 1178 3204 salutem
1194 3145 1300 3202 amisit.
1320 3143 1526 3213 contraquam
1547 3136 1726 3196 theodosius
1749 3153 1803 3210 pu·

101 3246 163 3288 rum
180 3230 229 3288 diu
240 3230 400 3288 inaccessis
410 3232 524 3290 reclusa
538 3235 684 3291 inontihus
696 3234 807 3308 iocosi,
820 3251 923 3308 repen·
977 3237 1087 3309 gnavlt,
1105 3241 1135 3292 et
1150 3250 1185 3291 eo
1201 3233 1369 3297 interiecto,
1383 3228 1616 3286 Valentinianum
1632 3240 1723 3296 regno
1739 3241 1800 3282 res

98 3318 160 3375 tina
171 3316 253 3375 rahic
264 3319 376 3390 percita
388 3321 498 3378 exarsit
510 3321 537 3378 in
548 3323 786 3395 Gothos‚eosque
799 3325 921 3396 sparsim
978 3327 1061 3384 tituit
1085 3323 1209 3398 [Ouos.],
1228 3321 1356 3394 peractis
1380 3333 1395 3374 a
1418 3318 1584 3375 conditione
1608 3314 1707 3372 muudi
1731 3318 1803 3371 5690

98 3408 290 3466 conturbatos
305 3408 341 3464 ab
357 3409 486 3481 antiquis
502 3412 622 3470 sedihus
632 3413 726 3485 pellit.
741 3414 826 3472 Gothi
840 3429 921 3485 vero,
978 3416 1071 3484 arinis,
1090 3413 1138 3484 qui
1166 3412 1241 3484 apud
1264 3410 1402 3465 Viennam
1431 3421 1506 3462 anno
1529 3404 1664 3476 sequenti
1690 3402 1803 3460 scelere

101 3497 365 3555 transitollanuhio
376 3499 556 3570 legionesa
568 3501 690 3559 Valente
701 3503 764 3560 sine
777 3518 922 3561 armorum
980 3502 1151 3574 hrhogastis
1167 3499 1283 3558 coalitis
1299 3496 1473 3554 interiectus
1483 3498 1529 3552 est
1542 3494 1685 3565 (lorer.
1699 3492 1754 3564 60).
1769 3493 1801 3548 Et

99 3582 283 3659 depositione
294 3590 361 3643 sunt
372 3588 502 3660 suscepti
515 3587 623 3663 [Banuh
638 3592 759 3664 lloxquc
768 3606 820 3665 per
831 3593 924 3650 auari-
979 3595 1014 3651 do
1030 3594 1084 3649 hoc
1098 3589 1284 3647 iheronimus
1302 3606 1307 3641 :
1327 3611 1340 3636 ι
1352 3584 1542 3653 adolescens,
1557 3582 1661 3653 inquit,
1675 3579 1804 3637 valenti-

99 3673 175 3731 ciam
188 3674 301 3732 llaximi
314 3674 397 3733 ducis
409 3675 483 3733 lame
492 3678 528 3735 ad
540 3677 853 3752 rebellandumcoacti,
862 3682 924 3738 lun·
979 3682 1082 3739 uianus
1094 3693 1168 3753 pene
1180 3691 1252 3749 puer
1263 3681 1329 3748 post
1343 3675 1450 3744 lugam,
1459 3677 1524 3745 post
1536 3668 1633 3741 exilia,
1644 3674 1711 3741 post
1721 3683 1805 3726 recu·

101 3761 212 3820 duntur
228 3763 255 3820 iu
271 3763 381 3836 Tracia,
398 3765 536 3837 victoque
551 3766 682 3826 Valentis
693 3770 825 3827 exercitu
837 3768 922 3827 simul
980 3774 1113 3844 peratum
1128 3766 1220 3824 multo
1235 3764 1376 3835 sangnine
1393 3761 1556 3833 imperium,
1569 3759 1639 3815 haut
1652 3756 1803 3830 proculab

101 3852 197 3908 omnia
209 3852 350 3925 caedibus,
360 3853 503 3913 incendiis
515 3856 682 3929 rapinisque
696 3857 835 3916 fuderunt
849 3858 924 3931 {lira-
979 3860 1051 3917 urhe
1067 3859 1204 3915 iraternae
1217 3853 1240 3888 ⁸⁰
1254 3854 1358 3909 mortis
1373 3848 1488 3908 coiiscia
1504 3852 1626 3906 necatus
1641 3851 1696 3917 est,
1711 3850 1740 3903 et
1757 3860 1805 3903 ca-

103 3940 193 4015 ncul.
206 3943 272 4015 lpse
289 3942 458 4015 imperator,
467 3944 530 4001 suis
543 3945 682 4016 usquead
695 3946 923 4005 internecionem
979 3946 1207 4006 daucrexanime
1216 3944 1385 4000 infamatum
1397 3938 1553 4012 suspendio
1565 3937 1674 4009 [Bahal.
1685 3958 1698 3984 ι
1712 3935 1803 3992 danis

101 4030 191 4103 cesis,
208 4046 274 4090 cum
290 4031 397 4103 sagitta
413 4033 531 4091 saucius
548 4033 711 4106 lugeretur
723 4035 825 4094 dolore
836 4036 924 4095 nimio
980 4041 1010 4096 ll
1024 4034 1215 4098 Theodosius,
1228 4023 1801 4093 viventibusGratianoetValcotiniano,

103 4134 260 4195 sepesque
272 4119 742 4195 laheretur‚adproximaevillulae
754 4125 923 4184 casellulam
980 4126 1128 4184 Orientem
1145 4123 1233 4193 rexit,
1246 4125 1311 4194 post
1328 4123 1449 4176 nrortam
1466 4131 1567 4174 eorum
1577 4119 1595 4173 d
1605 4113 1689 4172 annis
1703 4128 1806 4184 regna-

101 4209 278 4284 deportatus
293 4216 340 4269 est
352 4211 461 4285 [Bsoul
473 4212 535 4280 Quo
546 4213 769 4285 insequentibus
780 4216 922 4285 barbaris,
979 4217 1031 4273 uit.
1050 4216 1146 4287 lpsum
1162 4211 1185 4246 ⁹⁰
1201 4223 1316 4283 qaoque
1337 4207 1468 4282 prelatus
1493 4202 1676 4262 admirabilis
1699 4202 1805 4259 doctor

103 4297 221 4357 incensa
239 4299 335 4371 domo,
347 4299 500 4374 sepultura
511 4302 617 4370 caruit,
628 4303 752 4360 cundem
764 4303 925 4360 haheuslo·
981 4301 1153 4362 Ambrosius
1169 4300 1205 4358 ah
1224 4300 1359 4369 ingressu
1374 4294 1506 4354 ecelesia
1523 4299 1553 4350 ct
1568 4307 1583 4349 a
1599 4289 1804 4350 communione

100 4400 166 4445 oum
182 4390 211 4443 et
228 4386 332 4443 mortis
346 4390 376 4443 et
393 4388 535 4461 sepulcri,
552 4404 578 4445 a·
596 4390 676 4446 hom.
694 4393 754 4448 377.
766 4421 788 4430 -
818 4390 926 4447 Gratia·
980 4399 1230 4450 sacramentorum
1246 4379 1490 4461 proquibusdam
1510 4381 1682 4440 excessibus
1707 4378 1806 4452 prohi-

102 4488 157 4535 nus
170 4479 267 4532 autem
283 4490 348 4533 cum
366 4477 456 4533 tratre
472 4477 676 4537 Valentiniano
692 4480 824 4551 regnavit
841 4481 924 4540 annis
938 4465 966 4528 D
981 4481 1065 4547 huit3
1082 4478 1159 4553 quod
1174 4478 1214 4534 ita
1229 4474 1476 4536 clementissimus
1490 4472 1651 4544 imperator
1675 4466 1804 4540 Glalssml

63 4633 66 4639 Ι
102 4570 157 4635 d,a
174 4577 231 4635 quo
245 4561 425 4623 Theodosius
440 4564 553 4624 electus
569 4568 597 4624 in
610 4568 772 4640 imperium,
784 4569 925 4626 inaximas
982 4571 1077 4628 animo
1091 4568 1223 4641 suscepit
1239 4570 1269 4624 ut
1286 4563 1431 4640 publicam
1449 4561 1638 4636 penitentiam
1654 4556 1806 4614 nonahor·

103 4651 169 4711 illas
185 4652 330 4712 scithicas
357 4659 472 4727 gentes,
490 4655 519 4713 id
541 4659 586 4714 est
611 4656 796 4729 alemannos,
815 4660 924 4731 lluuos,
983 4663 1072 4718 reret.
1084 4658 1243 4715 lntcrlocto
1256 4661 1353 4713 autem
1372 4651 1576 4710 valentiniano
1593 4650 1726 4719 augusta
1747 4659 1804 4699 nro·

104 4743 222 4813 Gothos,
240 4743 353 4814 magnis
368 4743 526 4817 multisque
538 4744 647 4819 praeliis
664 4747 748 4804 ludit.
767 4747 854 4819 Cujus
870 4749 926 4805 vir·
983 4749 1082 4806 merim
1094 4748 1122 4803 iu
1135 4733 1805 4814 annisjureuilihus,Eugeniussusccpitimpe-

103 4836 196 4890 tutem
213 4837 244 4889 et
258 4834 446 4892 concordiam
462 4849 518 4891 non
536 4835 665 4893 terentes
677 4835 802 4906 Arriani,
816 4841 881 4910 post
893 4841 926 4895 lo
983 4839 1068 4907 rium,
1082 4835 1129 4908 qui
1147 4834 1213 4906 quia
1231 4833 1266 4891 de
1278 4831 1441 4904 repetenda
1453 4844 1502 4885 ara
1518 4825 1654 4884 Victoria
1671 4838 1701 4879 se
1718 4820 1806 4879 sacri·

104 4933 195 4977 anuos
221 4920 375 4994 eeclesias,
400 4937 474 4996 quas
497 4923 525 4980 vi
549 4926 716 4996 tenuerunt,
733 4924 924 4997 reliquerunt.
984 4925 1060 4996 legio
1077 4924 1204 4994 miscuit,
1217 4920 1385 4978 Ambrosius
1401 4932 1519 4976 munera
1536 4916 1599 4987 cius
1610 4911 1720 4986 sprevit
1732 4910 1803 4967 etah

781 5050 899 5107 VARlAE
920 5049 1118 5107 esculanus,

139 5167 162 5204 ‘⁰
175 5184 202 5227 o.
222 5185 247 5228 e.
265 5171 298 5228 ia
310 5185 407 5244 marg.
424 5171 447 5206 ⁸¹
462 5188 484 5229 r.
502 5187 527 5229 a.
546 5177 571 5231 l.
589 5175 623 5232 ia
636 5188 733 5248 marg,
749 5174 772 5208 ⁸²
785 5175 897 5232 tustino
913 5206 948 5216 -
972 5175 1053 5231 ltalia
1077 5176 1110 5232 tn
1133 5185 1228 5243 oraru.
1246 5169 1268 5203 ⁸⁸
1292 5167 1424 5226 ccclesiae
1438 5179 1463 5225 o.
1477 5164 1499 5197 '⁸
1516 5165 1627 5245 01¹0:
1642 5159 1804 5246 transltllss

105 5243 149 5299 est
164 5242 198 5300 tn
214 5254 313 5347 marg.
328 5242 351 5278 ⁸⁸
363 5243 524 5326 mersisset
537 5258 560 5302 c.
574 5243 596 5277 ⁸⁶
612 5246 692 5328 Unde
707 5275 737 5286 -·
757 5251 903 5303 testantur
917 5247 949 5303 iu
968 5260 1064 5316 uturp.
1081 5244 1104 5278 ⁸⁷
1127 5243 1265 5313 Lugduno
1282 5255 1305 5311 c,
1328 5238 1351 5272 ⁸⁸
1373 5240 1454 5295 Hunc
1475 5268 1508 5276 -
1530 5237 1627 5290 amisit
1651 5246 1686 5290 aa
1706 5242 1803 5299 muru.

105 5311 131 5375 ⁸⁰,
143 5313 224 5369 Frnae
240 5326 264 5369 c.
316 5315 413 5386 lpsum
428 5345 461 5354 -
478 5317 651 5374 interiectus
667 5333 700 5375 aa
714 5332 809 5390 ruorg.

899 5436 1010 5495 h'OTAE.

143 5561 198 5633 (38)
215 5562 358 5620 tmhrosii
376 5563 497 5637 epistota
513 5569 544 5623 ill
563 5564 599 5624 ad
615 5563 860 5623 Valentinianum.
873 5565 975 5622 Sermo
990 5567 1092 5623 eontra
1108 5561 1283 5621 Auxentium
1298 5560 1333 5631 ll,
1349 5563 1410 5615 863.
