3788 6000
135 251 138 257 ’
155 255 213 320 ata

740 252 982 314 EKKEHARDI
1004 251 1281 322 URAUGIENSIS

1801 259 1862 325 elo

155 391 306 449 saxoniam
323 392 361 450 sit
378 391 514 449 traditus.
530 393 560 447 ln
577 405 632 462 qna
649 406 738 464 parvo
756 397 885 462 tempore
901 408 978 449 corn·
993 386 1021 446 Α
1036 391 1092 447 ctis
1112 391 1156 425 ¹⁴¹⁶
1176 394 1369 465 monasteriis,
1395 407 1483 463 gravo
1509 409 1582 450 onus
1606 395 1792 453 sacerdotum
1816 396 1861 431 ¹⁴¹⁷

155 487 295 551 moratam,
309 483 495 538 miseratione
508 482 595 550 regis,
607 486 637 538 ut
647 487 710 537 erat
722 480 975 553 elementissiunm,

153 572 286 645 pristinae
303 573 438 641 dignitati
453 576 499 629 est
515 572 679 628 restitutus.

189 662 342 718 lleinricus
354 666 449 718 arrtom
460 662 560 717 fratris
569 662 674 716 timore
684 660 860 731 compulsus.
873 664 978 719 castel-

154 748 213 806 lum
230 749 424 818 lliirvermont,
445 765 499 805 nnn
516 748 609 805 solum
626 749 750 817 ingeniis
766 750 913 807 hominnm
929 768 977 807 ve·

153 853 217 895 rurn
229 838 274 871 ¹⁴⁰⁹
285 839 371 893 etiam
387 843 490 893 natura
505 838 567 908 ipsa
584 838 725 894 munitum
742 839 853 908 ingredi
869 842 975 908 volult;

153 927 204 983 sod
217 942 299 983 soror
310 926 383 994 ejus,
398 925 482 981 vidua
498 926 665 991 Giselherti,
682 943 747 984 cum
764 930 921 999 prohibuit,
936 932 976 986 di-

152 1030 220 1073 ceus
230 1015 265 1071 ad
274 1030 338 1071 erim
352 1016 434 1072 :Non
443 1017 470 1072 tc
476 1017 669 1074 miseriorem
676 1032 904 1088 caesareanorum
908 1035 976 1090 pror-

151 1104 244 1174 empto
259 1103 367 1160 morito
377 1118 439 1159 meo
448 1105 607 1176 perperna,
615 1105 708 1176 papea,
722 1107 797 1178 qnia
808 1108 899 1164 etiem
913 1123 975 1166 nan-

149 1192 316 1249 mittonidns
340 1193 416 1250 ortacia
430 1193 457 1249 ie
472 1194 658 1259 includendo,
681 1196 865 1265 remiseram
887 1213 975 1269 sciptor

151 1279 229 1338 donc
240 1285 391 1351 cepionem
401 1282 603 1353 retectaquom
616 1283 754 1354 effrenatos
765 1283 829 1342 ¹⁶¹⁰?
845 1287 910 1341 Non
920 1302 975 1358 pc.-

151 1369 230 1437 tior,·
242 1384 295 1428 nco
305 1371 383 1426 roim
394 1371 479 1428 teoto
493 1373 627 1429 socordio
639 1374 732 1430 michi
743 1375 929 1444 cretionem,
941 1378 978 1433 et

150 1472 188 1516 ec
200 1460 275 1516 meis
289 1460 481 1517 incommodis
498 1461 550 1517 tric
568 1475 718 1532 compones
738 1465 896 1520 comrrrodc.
924 1465 974 1522 llis

151 1548 269 1616 auditis,
294 1549 433 1605 hienricus
451 1550 600 1605 lotharios
617 1550 746 1606 desernit
763 1557 792 1606 et
809 1552 835 1606 in
853 1568 972 1619 reguiam

151 1636 297 1693 Lndevvici
323 1638 455 1694 secessit.
484 1641 567 1706 (Wro.
591 1655 620 1709 ιι,
642 1643 699 1711 26.)
725 1641 850 1696 Prelecit
877 1648 972 1698 auteur

1035 481 1213 538 devitabant.
1228 485 1354 539 Fuerrmt
1368 483 1467 553 plures
1477 483 1524 552 qui
1536 498 1679 540 surumum
1693 487 1859 556 pontilleem

1034 570 1211 627 Friderieum
1229 573 1280 628 hoe
1297 589 1351 628 non
1369 587 1439 643 pure
1454 571 1499 605 ¹⁵¹⁸
1515 573 1567 628 sed
1583 574 1705 630 suhdolo
1721 576 1858 634 edeeissc

1033 660 1168 715 arbitrati
1189 667 1267 731 suut,
1293 662 1431 732 quatinus
1452 662 1543 718 virum
1565 665 1762 720 venerabilem
1786 667 1860 735 regi·

1033 762 1088 816 quc
1105 746 1150 781 ¹⁴¹⁹
1166 747 1289 811 dilelem,
1307 749 1497 804 llademarum
1519 751 1654 805 altinatem
1672 751 1855 824 diddensem,

1032 836 1055 892 si
1069 852 1125 906 quo
1138 838 1221 893 modo
1237 844 1344 908 posset,
1364 839 1580 894 dehonestaret.
1602 840 1665 910 lpse
1676 842 1752 896 enim
1765 844 1856 898 abhas

1031 926 1155 983 vicerat
1172 942 1281 994 ruaguze
1298 927 1459 996 prudentiae
1474 933 1502 982 et
1520 927 1684 991 industriae.
1702 933 1758 986 suh
1774 933 1858 1002 eujus

1033 1016 1213 1085 temporibus
1235 1016 1376 1071 l'uldcnse
1404 1016 1540 1086 ternplum
1565 1017 1704 1074 famosum
1726 1025 1773 1076 est
1796 1025 1859 1091 igne

1030 1112 1245 1174 eormuuqrtum.
1262 1105 1313 1160 sed
1327 1106 1361 1159 ah
1373 1120 1406 1159 eo
1421 1105 1447 1158 iu
1461 1105 1562 1161 melius
1580 1112 1791 1165 restauratum.
1809 1113 1857 1167 llic

1030 1194 1153 1249 eundem
1171 1194 1333 1263 prrrrtillrem
1354 1194 1479 1248 secunda
1502 1195 1703 1264 conjitratione
1726 1198 1858 1269 eulpahi-

1031 1281 1086 1336 lem
1104 1283 1156 1336 suh
1173 1282 1306 1336 cirstodia
1328 1283 1432 1347 lenuit,
1457 1283 1578 1352 prinlum
1602 1285 1717 1353 qindem
1741 1288 1856 1343 honori·

1031 1370 1093 1428 dee.
1108 1371 1157 1425 sed
1171 1386 1236 1426 oum
1249 1371 1363 1425 litteras
1373 1372 1408 1426 ab
1418 1387 1452 1426 eo
1463 1371 1589 1441 scriptas
1603 1375 1853 1445 reprehendisset,

1030 1459 1101 1514 satis
1113 1474 1220 1514 severe
1239 1461 1372 1514 Pontifex
1384 1475 1451 1514 vero
1463 1461 1609 1527 dimissus
1628 1462 1694 1517 dum
1713 1464 1853 1520 ultionem

1031 1552 1165 1617 quarm-et
1183 1563 1236 1603 uec
1251 1552 1353 1603 rrerrrtra
1371 1553 1481 1604 lautum
1499 1550 1591 1604 virum
1609 1552 1788 1620 prevaleret,
1806 1553 1855 1609 hu·

1032 1637 1149 1691 millima
1163 1638 1336 1692 monasteria
1349 1638 1454 1693 statuit
1465 1643 1622 1709 ternptare‚
1636 1640 1660 1694 si
1675 1641 1751 1695 torte
1762 1642 1799 1696 ad
1812 1642 1856 1676 “²⁰

150 1739 201 1782 rex
217 1726 327 1796 regioni
342 1726 546 1783 Lothariorqm
558 1728 703 1804 ottonem,
717 1729 806 1785 filium
818 1731 969 1797 ttirtrwinj³
987 1746 1014 1806 B
1030 1725 1274 1782 excellentissimus
1301 1731 1398 1796 posset
1423 1727 1576 1796 :mentaliter
1599 1728 1771 1797 precedere.
1800 1732 1854 1786 Sed

150 1819 181 1869 ut
198 1816 225 1870 et
244 1829 363 1884 regnum
381 1821 552 1885 procuraret
567 1821 597 1871 et
613 1822 747 1889 nepotem
768 1833 862 1889 suum,
883 1820 972 1875 Gisel-

150 1902 227 1958 herti
246 1903 347 1972 lilium,
370 1904 452 1961 houae
468 1905 531 1975 spei
549 1906 711 1976 puerulum,
729 1909 844 1964 nomine
861 1911 972 1966 Ileinri-

149 2005 225 2060 cuna,
250 1993 387 2048 nutriret.
415 1994 668 2067 (licenciati.)
693 1997 846 2053 lleinrieus
864 2002 969 2070 autem,

151 2077 242 2136 irater
270 2080 356 2150 ragis,
382 2082 450 2138 dum
476 2083 553 2139 aliud
579 2084 646 2153 quid
673 2086 780 2141 taceret
810 2088 969 2156 ignoraret,

149 2169 308 2240 assumptis
334 2184 431 2227 secum
462 2172 635 2242 quihnsdam
664 2175 820 2246 episeopis,
848 2193 971 2247 quorum

146 2256 300 2327 iuraretur
317 2258 437 2330 auxilio,
463 2260 587 2331 quadarn
611 2262 659 2318 die
684 2264 769 2319 nudis
797 2264 919 2335 pedihus
935 2267 971 2323 ad

147 2346 238 2417 pedes
258 2347 355 2418 rogis„
368 2349 432 2419 ipso
449 2349 610 2418 ignorante,
628 2352 771 2421 pervenit,
789 2354 970 2424 supplexque

147 2434 376 2493 misericordiam
394 2436 571 2508 imploravit.
595 2439 646 2494 Cui
663 2455 711 2495 rex
728 2440 767 2495 ait
785 2460 791 2498 :
807 2442 971 2513 Indipnnm

140 2523 268 2597 socians
283 2525 366 2581 tecm
380 2528 498 2584 omium
508 2528 712 2596 mourmelier,
727 2544 828 2586 omnm
841 2532 917 2600 pario
928 2534 971 2588 oi-

146 2612 198 2668 dco
210 2613 237 2669 te
247 2611 293 2647 ¹⁴¹²
303 2612 497 2671 decandidatum
507 2629 606 2672 corcm
618 2630 672 2685 mc,
687 2631 744 2673 non
755 2617 895 2675 indiacum
908 2635 970 2676 anc-

146 2699 306 2772 lnmscpcr
316 2703 351 2757 tc.
369 2705 382 2758 J
388 2703 460 2758 ussit
479 2704 577 2774 itaque
589 2719 640 2759 rex
651 2719 716 2760 eum
728 2706 761 2762 ad
777 2707 915 2777 palatium
928 2712 970 2765 in-

145 2787 307 2858 gelenheim
320 2790 466 2861 proticisci
479 2790 650 2863 sollertique
659 2808 729 2849 eura
739 2809 803 2850 eunt
814 2797 967 2864 custodiri,

147 2877 241 2948 quoad
253 2883 363 2934 remota
377 2878 524 2949 paululum
535 2879 887 2951 161ἰιιιιιιιιειιιιιιιιιιιιίιιθ.
900 2887 967 2955 quid

146 2980 234 3036 super
258 2980 293 3022 co
318 2968 438 3038 laceret,
463 2968 586 3024 consilio
617 2971 791 3040 prudentum
821 2973 965 3031 definiret.

145 3051 230 3122 (ivre.
247 3070 276 3125 ιι,
297 3059 341 3123 ιι,
362 3059 406 3121 36,
428 3059 461 3112 37
481 3071 523 3126 sq.
546 3061 590 3128 35,
612 3062 668 3130 33.)
693 3061 764 3115 Post
786 3061 848 3117 haec
861 3062 966 3118 ,vicina

144 3143 199 3200 sihi
211 3158 326 3216 semper
342 3143 495 3202 clementia
510 3143 669 3216 aliquantis
685 3147 807 3205 urbibus
820 3148 899 3207 illius
910 3152 968 3208 usi-

145 3230 199 3287 bus
208 3232 368 3300 concessis
380 3233 511 3305 permisit
521 3249 586 3289 eum
598 3235 625 3289 iu
637 3237 838 3293 lothariorum
849 3239 966 3307 regione

144 3317 291 3376 hahitare.
320 3319 428 3376 Deinde
449 3321 477 3375 iu
499 3335 637 3393 processu
660 3325 805 3393 temporis
830 3327 967 3383 defuneto

145 3405 218 3463 duce
239 3408 436 3479 Baioariorum
454 3408 683 3480 1418ιιειιιιοιιιο,
706 3413 861 3470 monituri
880 3415 967 3471 inter-

143 3495 277 3553 cessione
301 3502 410 3554 sanotae
434 3498 535 3555 matris
558 3514 618 3555 suae
641 3501 765 3571 proiecit
788 3517 853 3560 eum
878 3519 966 3575 regno

143 3583 247 3654 eidam,
275 3586 384 3643 laoicns
407 3602 471 3643 oum
496 3601 530 3643 eo
555 3588 741 3644 concordiam
758 3594 785 3646 ot
802 3606 911 3664 pacem,
937 3594 966 3649 in

143 3685 200 3742 qua
215 3673 302 3728 etiarn
318 3673 444 3731 fideliter
460 3677 619 3746 permansit
634 3676 660 3732 in
677 3677 770 3734 tinem.
789 3681 857 3735 Erat
870 3687 964 3738 autem

143 3761 207 3833 ipse
231 3761 382 3818 lleinrious
406 3763 563 3835 copulatus
588 3765 771 3823 matrimonio
791 3768 857 3824 illim
882 3770 965 3826 diruis

142 3849 261 3920 arnold,
284 3851 395 3909 lomlnae
416 3851 541 3922 egregiae
562 3854 661 3910 l'ormae
680 3855 882 3927 mirabilisque
901 3875 965 3928 pru-

141 3937 259 3996 dentiae.

177 4028 270 4098 igitur
286 4027 330 4062 “¹⁴
346 4044 410 4086 cum
437 4028 512 4103 heila
533 4030 672 4087 intestina
697 4033 782 4089 simul
799 4040 828 4089 et
843 4041 965 4099 externa

141 4120 293 4175 cessarent
310 4117 449 4188 logosque
463 4119 569 4175 divinas
580 4126 609 4175 et
621 4120 753 4178 humanae
768 4123 910 4183 auctorali
925 4125 965 4180 vi-

141 4219 212 4275 gore
228 4206 384 4278 pollerent,
400 4207 499 4277 gravis
515 4209 680 4278 persecutio
702 4212 850 4268 monachis
870 4214 964 4271 oritur

143 4292 201 4350 illis
216 4293 329 4362 dietus,
348 4295 558 4352 affirmantibus
575 4299 748 4367 quihusdam
767 4300 962 4373 pontideihus,

141 4381 245 4438 melius
256 4383 347 4439 videri
361 4397 470 4453 paucos
480 4384 540 4440 vita
552 4385 649 4443 claros
662 4401 747 4456 quam
758 4387 859 4458 plures
868 4390 965 4458 negle-

1030 1814 1195 1882 hujusmodi
1208 1815 1408 1871 simulationes
1421 1816 1566 1871 incassum
1577 1816 1759 1887 1621ιιιιιιιιειι
1770 1825 1854 1886 suut;

1029 1917 1094 1957 nam
1115 1906 1205 1958 :tidros
1222 1903 1265 1936 ¹⁸²²
1283 1905 1309 1959 iu
1331 1905 1423 1973 gratia
1441 1909 1471 1959 et
1487 1905 1618 1960 arnirieia
1637 1907 1713 1975 regis
1729 1906 1775 1939 ¹⁴¹³
1792 1923 1857 1979 per-

1029 1992 1144 2059 mansit,
1160 1999 1190 2047 et
1205 1994 1300 2049 causis
1317 1993 1591 2062 intercurrentibus,
1620 1995 1752 2064 pontifex
1778 1997 1855 2067 quod

1027 2079 1120 2135 voluit
1138 2095 1192 2135 non
1209 2081 1352 2152 implevit.

1063 2171 1123 2223 ilex
1149 2175 1244 2225 :aulem
1267 2170 1302 2223 dn
1322 2170 1368 2225 dio
1390 2171 1416 2225 iu
1439 2169 1515 2225 diem
1541 2171 1707 2241 protelem,
1733 2179 1856 2245 paterno

1028 2272 1117 2326 reguo
1134 2274 1187 2313 non
1204 2263 1369 2329 contentus,
1388 2259 1460 2314 alriit
1477 2261 1504 2313 iu
1521 2261 1726 2331 Burgundiauq
1745 2279 1856 2334 regem·

1027 2360 1083 2415 que
1108 2363 1171 2403 oum
1199 2364 1286 2416 reguo
1303 2348 1331 2402 iu
1349 2363 1428 2403 suram
1445 2349 1557 2418 aceepit
1573 2355 1763 2419 potestatem.
1782 2355 1856 2409 ‘he-

1027 2432 1126 2488 iunrto
1141 2439 1237 2490 irritem
1255 2436 1362 2489 tlttoue
1378 2435 1581 2491 lothariorum
1599 2437 1713 2506 preside
1731 2454 1764 2493 ne
1781 2442 1856 2509 repis

1025 2527 1133 2591 nepote
1149 2522 1296 2592 lleinrico,
1315 2522 1470 2579 Giselhorti
1483 2523 1554 2592 illio,
1572 2524 1710 2582 ducatmu
1727 2528 1854 2597 regionis

1026 2609 1200 2665 Clmonrado
1212 2626 1263 2665 rex
1276 2612 1433 2680 crorrcesslt,
1447 2613 1491 2667 eui
1504 2617 1532 2668 et
1546 2612 1656 2668 urtieam
1670 2614 1759 2670 liliam
1773 2631 1852 2672 suam

1025 2697 1210 2767 Luitgarlam
1231 2700 1438 2770 desponsavit;
1455 2702 1581 2770 quierat
1599 2702 1774 2759 adolescens
1790 2719 1854 2761 acer

1025 2791 1053 2844 et
1067 2788 1162 2850 sur-tls,
1181 2787 1256 2842 (lomi
1270 2787 1431 2858 notitiaque
1444 2789 1583 2859 optimus,
1600 2792 1851 2851 corrnnilitouihus

1024 2876 1085 2934 suis
1102 2877 1198 2932 harus.
1216 2876 1286 2930 llnic
1303 2875 1457 2946 Luitolius,
1477 2877 1553 2933 iilius
1568 2878 1655 2949 regis,
1674 2880 1764 2936 nimia
1781 2883 1851 2938 dile·

1023 2965 1129 3020 cilonis
1143 2964 1340 3019 lanuliaritate
1356 2966 1514 3022 asstrictus
1526 2971 1581 3034 est;

1077 3055 1088 3074 '
1105 3052 1236 3122 Italique
1246 3067 1340 3122 rescito
1350 3053 1390 3109 od
1401 3067 1494 3110 conos
1506 3055 1621 3111 ottonis
1636 3056 1744 3112 desciret
1758 3059 1792 3113 Ε.

1060 3144 1154 3205 (llicu.
1172 3158 1200 3211 ιι,
1218 3146 1274 3209 ιιι.)
1296 3143 1364 3197 Post
1382 3142 1442 3198 ham
1461 3158 1512 3198 res
1527 3145 1595 3200 Otto
1611 3160 1676 3200 cum
1692 3146 1851 3203 ludewico

1023 3244 1092 3299 rege
1107 3244 1156 3301 per
1172 3229 1333 3298 legatorum
1355 3230 1550 3286 interventum
1567 3232 1753 3303 conciliat-ur,
1773 3237 1849 3305 quod

1023 3320 1114 3375 eidem
1134 3319 1288 3374 ludewico
1310 3324 1408 3389 postea
1426 3321 1549 3376 tumtum
1567 3323 1728 3391 proiecisse
1746 3326 1850 3395 proha·

1023 3411 1080 3464 tur.
1094 3408 1178 3476 (ιιίιι.
1191 3423 1219 3475 ιι,
1232 3410 1288 3477 tit.)
1302 3410 1492 3463 Sororautern
1504 3409 1739 3480 rogiscerherga
1749 3416 1851 3481 gerinit

1021 3495 1177 3553 hurlevvioo
1195 3495 1269 3551 lilios
1286 3497 1366 3566 duos,
1380 3497 1514 3553 liarolum
1526 3503 1553 3552 et
1570 3498 1739 3555 lotharium
1758 3502 1806 3572 qui
1822 3508 1849 3557 et

1021 3583 1097 3656 patri
1115 3590 1215 3654 postea
1235 3585 1386 3640 suecessit.
1405 3584 1499 3652 (ilion
1519 3601 1547 3653 ιι,
1565 3590 1608 3653 di,
1626 3590 1669 3643 48.
1682 3619 1717 3628 -
1729 3592 1802 3646 ιιίιι.
1818 3607 1847 3660 ιι,

1021 3676 1065 3741 39,
1079 3676 1127 3741 ιι;
1143 3689 1184 3743 ιιι,
1200 3679 1208 3727 l
1224 3675 1301 3743 sqq.)
1318 3673 1489 3730 tuden-iaus
1506 3675 1605 3744 itaquo
1617 3691 1631 3730 a
1645 3676 1772 3736 duellius
1790 3681 1848 3736 suis

1021 3762 1247 3829 circumventae,
1269 3763 1391 3832 primurn
1409 3777 1423 3817 a
1439 3763 1703 3836 madaurensibus
1722 3768 1758 3823 ad
1776 3784 1849 3838 quos

1021 3850 1198 3919 llairoldum‚
1213 3851 1301 3906 lilium
1314 3852 1467 3906 Tlrurrnodi
1482 3853 1680 3920 ltajocensium
1695 3856 1846 3929 principis,

1021 3941 1135 4010 lugiens
1154 3940 1233 3995 solus
1254 3940 1402 4009 ingressus
1423 3945 1476 4010 est,
1493 3942 1609 4012 eapitur
1630 3943 1846 4016 llaieroldoquc

1020 4028 1157 4098 traditur,
1176 4029 1225 4084 sed
1244 4029 1312 4084 datto
1329 4029 1438 4084 minore
1458 4029 1517 4084 silio
1537 4029 1652 4100 obside,
1674 4031 1845 4100 dimittitur,

1020 4117 1176 4187 statumque
1192 4132 1206 4172 a
1223 4118 1297 4174 duce
1320 4120 1437 4188 lingone
1460 4124 1575 4189 eaptus,
1597 4119 1771 4188 Lugdunum
1795 4122 1846 4178 suh

1019 4207 1154 4262 custodia
1170 4207 1286 4277 publiea
1299 4212 1342 4263 est
1356 4209 1472 4263 missus.
1491 4208 1541 4262 llis
1557 4207 1676 4279 auditis
1696 4225 1846 4283 rexsuper

1021 4295 1104 4350 amici
1122 4296 1235 4351 fortuna
1253 4296 1325 4352 satis
1340 4296 1443 4363 doluit,
1457 4296 1670 4367 imperavitque
1684 4299 1846 4369 expeditio·

1022 4398 1084 4439 nem
1104 4385 1131 4438 iu
1147 4384 1266 4439 Galliam
1286 4391 1387 4440 corttra
1409 4387 1555 4454 lingonens
1573 4386 1601 4441 in
1615 4399 1722 4442 anunm
1746 4402 1845 4444 secuu-

140 4472 244 4538 gentes
260 4470 286 4524 iu
303 4471 490 4527 monasteriis
510 4487 586 4540 esse,
604 4474 728 4545 ideoque
743 4482 880 4546 oportere
896 4494 963 4534 eon·
977 4465 1005 4527 D
1021 4472 1098 4530 dum.
1116 4473 1166 4527 llle
1179 4488 1270 4528 annus
1281 4474 1420 4529 notahilis
1433 4477 1528 4530 lautus
1539 4482 1583 4529 est
1594 4475 1630 4530 de
1642 4481 1739 4532 morto
1750 4476 1846 4533 Edidis

74 4594 83 4611 .
140 4559 323 4617 versationes
332 4574 430 4617 corum
442 4576 493 4633 per
502 4563 677 4619 monasteria
692 4565 895 4636 perspicereot
906 4584 962 4624 non

141 4647 213 4704 louo
224 4651 433 4706 conversantes
446 4649 581 4721 abjicere,
595 4651 690 4722 ohliti,
702 4653 728 4708 ui
740 4651 833 4724 fallor,
848 4661 963 4712 senteu-

139 4734 188 4794 tiao
200 4736 419 4808 patrisfamilias
429 4737 484 4809 ¹⁴¹³,
497 4739 680 4810 prohibentis
692 4756 792 4798 servos
803 4743 914 4799 zizania
927 4746 963 4801 de

139 4825 222 4884 tritic
255 4839 368 4897 ardere,
386 4829 437 4884 sed
457 4827 554 4884 sinere
572 4834 694 4900 utraque
711 4829 746 4886 ad
763 4846 885 4889 messem
901 4849 963 4890 cre-

139 4927 231 4987 scere,
244 4928 289 4983 no,
306 4929 363 4971 uno
379 4915 495 4972 incaute
510 4916 669 4988 eradicato,
686 4917 819 4974 damnum
835 4919 918 4977 fieret
934 4922 962 4977 iu

140 5001 242 5060 altero.
261 5003 342 5069 Quod
358 5008 388 5061 ot
404 5005 431 5061 in
448 5004 492 5062 his
507 5005 615 5062 lactum
628 5012 683 5062 est.
700 5008 768 5062 Nam
782 5007 882 5078 plures
898 5024 962 5080 pro-

140 5087 210 5158 priae
235 5089 415 5148 infirmitatis
437 5092 557 5163 conscii,
575 5092 709 5164 deposito
736 5094 836 5151 habitu
851 5099 880 5151 ot
897 5095 962 5151 reli-

1020 4562 1138 4631 regium.
1157 4569 1181 4617 7.
1200 4562 1318 4618 lirrleml.
1348 4565 1429 4619 l'ehr.
1457 4564 1696 4634 victumaeque
1720 4571 1788 4621 nata
1813 4580 1844 4620 rx

1019 4655 1105 4720 gente
1120 4651 1287 4721 anglorum,
1305 4667 1360 4706 nou
1377 4652 1472 4708 rninus
1486 4654 1586 4708 sancta
1602 4653 1746 4722 religiono
1761 4669 1844 4725 quam

1019 4738 1109 4808 regali
1136 4740 1265 4810 [icteritia
1290 4741 1406 4797 claruit.
1435 4743 1536 4796 lteeem
1562 4741 1645 4797 annis
1672 4740 1755 4812 regni
1780 4757 1846 4799 con-

1019 4829 1108 4885 sortia
1127 4829 1229 4898 tenuit,
1246 4829 1398 4885 undecimo
1411 4830 1493 4899 obiit,
1506 4830 1659 4886 saxoniam
1671 4845 1744 4887 vero
1757 4837 1791 4888 te
1801 4845 1846 4888 an-

1018 4917 1063 4973 nis
1090 4917 1272 4973 inhabitarit.
1305 4917 1431 4988 lloliquit
1467 4917 1556 4974 hlium
1593 4919 1709 4975 nominc
1739 4919 1845 4977 Laritol·

1018 5006 1088 5076 lum,
1105 5006 1181 5061 omni
1198 5007 1308 5062 virtuto
1325 5006 1410 5062 animi
1427 5011 1456 5062 ot
1471 5007 1604 5078 eorporis
1618 5021 1652 5063 ea
1667 5012 1758 5063 aetate
1775 5007 1845 5064 uulli

1020 5095 1190 5164 secundum,
1228 5095 1314 5150 liliam
1349 5110 1464 5166 quoque
1498 5095 1611 5151 norume
1644 5096 1842 5167 luitgardam,

820 5268 937 5325 vstttAE
958 5270 1159 5325 LECTlONES.

173 5401 220 5437 ¹⁴⁰⁰
236 5402 329 5460 sedi
347 5407 408 5461 ht.
449 5406 690 5466 1610ιιιιιιιιιιιιει
730 5407 1260 5483 1⁴¹¹tovrdoont1‘12pauhrmnc
1300 5411 1389 5467 ¹¹1³n.
1409 5411 1678 5469 ditertholdoltl
1718 5412 1862 5544 ¹⁴¹‘tpen

136 5488 172 5544 q
161 5473 189 5530 ι
210 5475 240 5530 Ε.
280 5473 325 5508 ¹⁴¹¹
341 5476 472 5534 decrito

510 5479 607 5536 ¹“lm
635 5497 658 5536 r.
685 5482 734 5537 nt.
775 5480 960 5540 1617(ιιιιιι.
999 5480 1086 5539 1⁴¹⁸n
1104 5499 1131 5554 p.
1149 5484 1175 5538 ιι.
1193 5484 1272 5538 ιι..Ε
1312 5482 1384 5537 ¹‘¹⁹r
1413 5484 1593 5541 tdesuotn.
1634 5483 1767 5545 ¹⁸²⁰dces

135 5530 319 5604 ¹⁴²²moassc
336 5549 384 5604 nt
403 5563 548 5607 incassum
563 5565 709 5623 anpcrscr
727 5550 900 5612 velrueasso
913 5555 962 5611 Et
1002 5552 1047 5588 ¹⁴²²
1062 5558 1090 5613 ot
1106 5555 1258 5611 andaset
1277 5556 1324 5611 Et.
1365 5552 1409 5587 “²³
1423 5555 1626 5629 deonerati
