3788 5992
45 238 123 342 rasa

299 250 434 316 onsnx
462 253 641 319 annuns.
657 249 888 317 -nrrnxn
907 247 964 311 ex
980 248 1061 317 inv.
1078 204 1280 321 armas.
1297 253 1480 320 marsna.

1672 232 1768 322 raao'

45 409 160 481 spiritu,
178 424 243 467 cum
257 408 314 480 jam
329 406 461 464 coenandi
473 407 572 464 horam
585 407 789 481 praeteriisset,
801 417 869 476 ope·
882 384 910 446 Α
925 402 1041 476 bantur,
1051 405 1258 474 hocevenisse;
1272 407 1349 479 quod
1361 407 1668 482 incredibilevidotur,
1680 412 1748 482 quia

45 500 131 555 rariis
147 501 183 555 ah
197 514 285 570 opere
302 514 355 554 suo
371 498 485 553 domum
503 498 733 566 discedentibus,
749 498 868 565 arrepto

46 589 231 658 ferramento,
250 588 420 658 praedictum
441 586 533 642 altaro
554 587 738 656 confringere
754 598 871 655 aggres-

45 693 95 733 sus
105 682 160 732 cst.
174 678 282 732 Etcum
296 665 474 745 aliquantum
485 674 512 729 in
525 675 681 745 frangendo
692 674 867 739 laborasset,

45 766 154 822 invenit
173 765 312 821 scrinium
329 763 552 832 diligentissime
569 763 665 832 sigillo
681 761 869 834 superposito

45 854 244 919 reconditum3
262 853 337 924 quod
355 852 491 921 sigillum,
508 853 574 922 qnia
587 853 703 907 litteras
715 866 771 908 non
783 865 869 907 nove-

45 949 101 1016 rat,
113 943 196 1012 cujus
208 946 296 1012 essct,
310 942 385 997 scire
397 956 452 996 raon
466 947 591 1012 poterat,
610 942 661 997 sed
675 941 795 1012 primam
808 945 870 996 tan·

45 1039 105 1088 tum
118 1032 245 1087 litteram
258 1045 289 1085 se
301 1029 475 1099 cognovisse
487 1029 570 1085 nohis
581 1029 693 1099 retulit,
707 1044 771 1099 qnae
783 1034 827 1085 cst
841 1029 868 1084 in

43 1122 139 1191 capite
164 1119 325 1191 supradicti
350 1118 464 1173 abbatis
488 1118 751 1189 Bc1·tuld,ctideo
777 1118 869 1190 ipsius

43 1207 301 1277 luissejodicatur,
315 1205 870 1277 quiaodihcataipsatur-realtarepari·

42 1294 586 1365 terstatuerat.Forasergoprolatum
597 1294 747 1365 scrinium,
757 1294 868 1365 rejecto

42 1384 150 1455 sigillo,
160 1383 314 1440 temeraria
329 1399 383 1438 non
396 1384 552 1439 vcrebatur
564 1384 678 1455 aperire
691 1398 790 1449 vrnanu3
804 1383 869 1440 bre-

41 1488 163 1544 vemque
180 1472 297 1528 titulum
314 1473 450 1527 marmori
473 1472 645 1544 inscriptum
663 1472 733 1543 ipsis
750 1472 869 1529 ossibus

42 1562 260 1634 superpositum
282 1561 425 1628 auterens,
450 1561 514 1631 quia
531 1565 633 1632 aperte
647 1567 709 1616 erat
727 1561 866 1632 scriptus,

44 1658 203 1721 utcumque
221 1650 318 1720 potuit
333 1649 456 1719 legendo
475 1650 611 1720 cognovit
631 1651 715 1722 (610),
736 1650 869 1707 Sanctus

924 499 991 550 ante
1006 496 1134 553 triduum
1152 498 1225 568 ignis
1240 513 1275 554 ex
1292 502 1354 555 tolo
1371 500 1409 555 ihi
1427 500 1588 564 deiecerat;
1606 515 1636 555 re
1651 508 1747 557 aulem

923 597 991 639 vera
1003 583 1098 641 divina
1111 585 1260 642 voluntate
1272 587 1325 643 hoc
1338 589 1487 645 decretum
1501 591 1604 644 tuerat.
1622 591 1688 658 lgne
1701 602 1749 646 au-

923 676 982 729 tem
999 673 1128 730 hanamas
1140 674 1168 730 in
1180 674 1270 732 altum
1283 676 1420 747 iaciente,
1438 676 1487 733 ille
1504 677 1685 733 miserrimus
1701 692 1750 732 an·

923 761 990 817 xius
1002 761 1037 818 de
1049 763 1191 833 reliquiis,
1206 764 1329 821 festinus
1341 780 1508 835 accurrens,
1521 765 1635 821 domum
1648 779 1749 821 ascen·

924 850 976 922 dit,
995 865 1118 923 pannum
1133 869 1197 909 cum
1216 853 1348 924 reliquiis
1361 854 1420 923 jam
1437 854 1569 910 incendio
1586 855 1747 925 proximum

923 940 1124 1011 apprehendit,
1144 955 1227 1012 quem
1243 956 1341 998 secum
1357 942 1473 998 trahere
1488 943 1617 1014 cupiens,
1633 943 1748 999 omnino

923 1042 979 1083 non
1001 1029 1111 1100 potuit;
1137 1045 1189 1086 nec
1211 1030 1286 1086 ultra
1308 1031 1415 1101 iniquis
1437 1031 1569 1088 manilius
1592 1033 1746 1087 tractanda

923 1117 1025 1188 cessit,
1036 1117 1086 1173 sed
1096 1118 1196 1189 potius
1207 1118 1312 1174 ibidem
1324 1121 1519 1176 comburenda
1530 1120 1679 1176 remansit.
1694 1119 1746 1186 Qui

924 1221 988 1262 cum
1005 1206 1031 1261 in
1049 1208 1191 1263 trahendo
1207 1208 1314 1264 trustra
1331 1208 1379 1264 diu
1395 1208 1569 1279 laborasset,
1588 1208 1749 1280 desperans

924 1293 1063 1349 scrinium
1078 1294 1204 1366 aperuit,
1219 1303 1251 1350 ut
1264 1296 1368 1352 saltem
1381 1296 1497 1367 aliquod
1510 1298 1669 1353 membrum
1682 1297 1748 1354 indo

925 1382 1081 1453 acciperet,
1096 1383 1171 1454 quod
1182 1383 1394 1441 suaevoluntati
1407 1385 1620 1441 incombustum
1630 1399 1748 1442 servare

924 1475 1034 1542 posset.
1053 1475 1087 1528 ht
1102 1488 1166 1529 cum
1183 1473 1418 1545 introspexisset,
1440 1474 1538 1530 subito
1559 1475 1645 1544 ignis,
1665 1475 1747 1546 quasi

924 1560 1020 1630 fulgor
1035 1561 1071 1616 de
1087 1562 1180 1618 saeris
1195 1562 1312 1619 ossibus
1324 1563 1493 1634 jaculatum,
1511 1563 1551 1618 ita
1568 1563 1669 1619 taciem
1684 1563 1748 1634 ejus

925 1649 1122 1719 inllammavit,
1140 1654 1172 1706 ut
1189 1652 1344 1722 resupinus
1359 1665 1500 1707 corruens
1516 1666 1590 1722 pene
1604 1652 1749 1709 exanima·

40 1741 184 1809 hericios
196 1739 435 1810 archiepiscopos
446 1739 588 1809 scriplum
600 1754 674 1795 esse.
692 1741 787 1795 Laelns
799 1753 868 1809 ergo
882 1746 909 1806 Β
924 1741 972 1794 tus
984 1742 1073 1794 esset.
1090 1737 1144 1794 Sed
1157 1752 1209 1793 nec
1220 1742 1289 1794 tunc
1300 1739 1417 1808 quidem
1429 1754 1461 1795 os
1472 1740 1597 1810 aporuit,
1615 1745 1646 1796 ut
1661 1741 1748 1800 alicui

41 1830 320 1899 effectus,scrinium
331 1829 617 1886 descendensseeum
628 1829 750 1895 detulit,
761 1834 788 1884 et
800 1829 868 1900 quia
923 1843 960 1884 ex
976 1827 1197 1885 accurrentibus
1211 1842 1275 1883 cum
1290 1828 1379 1885 armis
1391 1833 1420 1884 et
1432 1843 1505 1899 aqua
1519 1844 1577 1884 rem
1590 1830 1747 1901 panrlerct3

40 1913 113 1978 illud
126 1935 228 1977 secure
241 1919 376 1975 servandi
389 1917 482 1974 locum
495 1933 551 1973 non
563 1918 673 1988 habuit,
685 1919 712 1973 in
723 1918 869 1976 cimiterio
924 1916 1001 1987 quod
1017 1916 1041 1972 si
1059 1917 1186 1988 lecisset,
1198 1917 1257 1987 jam
1274 1917 1373 1974 illaesae
1388 1918 1521 1974 incendio
1537 1917 1668 1989 reliquie
1684 1935 1749 1976 ere·

40 2011 117 2067 inter
128 2025 192 2066 ossa
205 2012 386 2064 mortuorum
399 2008 533 2079 incripta
545 2008 688 2079 reposuit,
701 2008 794 2063 donec
807 2013 869 2064 tan·
923 2010 980 2079 ptae
1001 2006 1133 2064 luissent.
1155 2008 1197 2062 lta
1217 2005 1275 2063 Deo
1297 2007 1480 2079 disponente,
1502 2007 1609 2077 hericii
1631 2023 1699 2066 ossa
1718 2015 1747 2066 ct

40 2098 105 2155 dem
120 2096 282 2169 aptumsihi
296 2095 389 2152 locum
408 2095 584 2167 provideret,
603 2111 659 2166 quo
671 2095 742 2153 illud
755 2097 818 2152 sine
832 2095 869 2151 ti·
921 2094 1019 2167 pulvis
1035 2096 1062 2151 in
1079 2095 1143 2151 loeo
1164 2101 1398 2167 permanserunt,
1422 2110 1485 2167 qnae
1507 2096 1605 2167 inique
1627 2098 1762 2175 iuranda*

40 2185 219 2256 more,nullo
229 2185 283 2241 sibi
293 2184 421 2253 conscio,
433 2199 551 2240 servare
561 2189 669 2255 posset.
684 2184 765 2250 Quod
777 2185 868 2240 ettri·
922 2185 957 2241 de
978 2184 1042 2241 loco
1062 2184 1255 2256 requietionis
1273 2184 1388 2242 sublata
1411 2186 1534 2241 inerant.
1558 2186 1626 2252 Quae
1645 2193 1747 2259 postea
1812 2189 1820 2208 ‘

41 2277 99 2335 duo
112 2276 150 2331 ibi
164 2273 366 2331 absconditum
377 2273 472 2343 latuit,
486 2273 675 2344 quoadusque
687 2273 714 2328 in
726 2274 864 2345 sacrario,
921 2273 1086 2329 minutatim
1103 2273 1180 2329 inter
1195 2275 1339 2330 carbones
1354 2273 1578 2344 diligentissime
1594 2276 1746 2348 requisita,

42 2367 119 2438 quia,
137 2368 170 2421 ut
185 2364 320 2432 diximus,
338 2363 470 2419 custodis
485 2362 601 2432 adiutor
615 2367 689 2433 erat,
705 2362 802 2419 locum
818 2376 868 2434 ap·
921 2377 1022 2432 magna
1043 2377 1079 2418 ex
1100 2367 1183 2434 parte
1202 2363 1317 2420 inventa
1339 2369 1416 2427 sunt,
1439 2365 1471 2418 ut
1491 2363 1629 2432 maJorem
1655 2364 1749 2435 ipsius

20 2509 23 2513 .
41 2459 103 2513 tum
120 2453 326 2511 servandarum
344 2451 532 2521 reliquiarum
549 2451 720 2508 cautissime
736 2450 867 2523 provide·
920 2451 1055 2523 eorporis
1070 2455 1181 2522 partem
1194 2467 1246 2508 uos
1259 2467 1313 2508 nou
1329 2452 1498 2508 dubitemus
1514 2454 1632 2508 habere.
1650 2452 1749 2511 Pulvis

40 2549 96 2600 ret.
110 2545 160 2599 Est
173 2541 402 2598 aulem'saerarii
415 2541 519 2597 domus
530 2540 651 2596 interior
662 2539 809 2611 lapidibus
820 2553 866 2596 ca·
920 2556 990 2598 vero
1002 2557 1066 2599 cum
1079 2542 1228 2598 cineribus
1238 2542 1408 2598 cautissime
1420 2542 1519 2599 cribro
1532 2548 1684 2615 purgatus,
1696 2543 1750 2600 ibi·

41 2636 161 2702 merata,
173 2630 306 2703 superior
318 2635 413 2686 autem
425 2629 512 2700 lignis
524 2630 674 2701 adoperta,
686 2630 720 2684 ad
734 2642 818 2700 quam
830 2629 865 2686 de
921 2628 985 2686 dem
1002 2631 1031 2685 in
1048 2646 1134 2686 unum
1156 2629 1249 2687 locum
1271 2631 1431 2687 servandus
1450 2631 1599 2702 repositus
1615 2636 1671 2703 est,
1688 2632 1749 2702 qui·

40 2719 170 2776 interiori
188 2735 239 2790 per
256 2718 404 2775 cochleam
421 2717 600 2774 ascenditur.
619 2718 648 2772 ln
665 2717 718 2773 hae
733 2733 803 2787 crgo
819 2733 867 2774 su·
921 2718 1044 2775 busdam
1061 2718 1253 2775 suadentibus
1265 2724 1297 2775 ut
1311 2719 1338 2774 in
1351 2719 1490 2775 honorem
1506 2718 1636 2788 ejusdem
1653 2720 1747 2777 saneti

40 2808 148 2882 periori
170 2807 264 2865 locum
286 2808 362 2863 inter
383 2809 481 2862 trabes
502 2812 530 2862 et
552 2812 661 2863 tectum
678 2807 863 2878 preparavit,
921 2807 1029 2878 agricii
1045 2808 1137 2863 altare
1148 2807 1187 2863 ibi
1200 2812 1391 2879 statueretur,
1407 2812 1436 2863 ot
1452 2809 1640 2865 dedicaretur
1655 2809 1749 2867 eccle-

39 2897 138 2968 ibiqne
156 2912 238 2953 sacra
256 2911 322 2952 ossa
339 2897 374 2952 de
388 2896 482 2967 cripta
498 2899 650 2967 reportata
667 2895 785 2966 locavit,
808 2909 867 2950 ma·
921 2896 974 2953 sia.
990 2898 1045 2952 Per
1056 2896 1150 2954 omnia
1164 2896 1335 2953 benedictus
1347 2899 1431 2966 Deus
1449 2896 1573 2969 quinos,
1592 2897 1660 2954 licet
1675 2898 1748 2954 indi·

38 2999 183 3058 gnaraque
199 2991 309 3042 struem
325 2985 470 3055 lignorum
486 2985 595 3041 veteris
612 2984 726 3040 {edificii
743 2985 866 3041 circum-
921 3001 1004 3058 gnos,
1021 2986 1114 3043 noluit
1127 2987 1242 3057 privare
1255 2991 1378 3058 patrono
1391 2985 1452 3056 tali,
1469 2987 1553 3057 eujus
1570 3002 1622 3043 nos
1639 2988 1747 3044 auxilio

38 3075 147 3146 posuit,
171 3075 337 3146 sepiusque
358 3074 417 3130 illie
436 3075 541 3144 eundo,
561 3073 707 3129 interdum
722 3073 809 3129 etiam
826 3074 865 3129 ibi
921 3075 1748 3148 ubiquegaudemusperiruill‘ostquamautemhacacta

39 3163 220 3234 dormiendo,
234 3163 330 3219 locum
343 3165 529 3234 frequentare
540 3177 596 3218 non
608 3163 734 3218 destitit.
751 3165 867 3219 interca
921 3170 1000 3236 sunt,
1018 3166 1121 3221 videns
1138 3171 1240 3221 auretor
1256 3164 1342 3234 hujus
1358 3164 1478 3220 sceleris
1491 3181 1545 3220 non
1559 3181 1645 3236 posse
1658 3166 1746 3221 celari

40 3251 98 3308 iter
108 3267 191 3309 suum
200 3253 317 3331 licentia
328 3253 469 3323 aequisita
480 3252 778 3324 parat,nunciumque
789 3251 866 3308 fideli
922 3254 999 3326 quod
1015 3258 1089 3311 lieus
1104 3253 1195 3310 voluit
1211 3254 1399 3324 manifestari,
1417 3260 1521 3310 carnoto
1537 3269 1601 3324 quae
1615 3260 1747 3324 gesserat

39 3356 93 3399 suo
108 3342 223 3398 cuidam
240 3342 333 3397 amico
352 3341 470 3412 direxit,
493 3355 599 3412 rogans
618 3356 683 3398 cam
703 3341 810 3397 obnixe
830 3340 866 3397 ad
920 3341 1292 3414 velcogitavoratprotulit
1304 3342 1482 3408 inmedium;
1497 3344 1667 3400 rnorrstravit
1680 3359 1751 3415 quo·

42 3446 73 3486 sc
95 3431 205 3501 venire,
227 3430 356 3487 adiciens
376 3430 452 3501 quod
467 3430 509 3486 rei
526 3445 610 3501 qnam
627 3430 717 3487 vellet
731 3445 795 3486 cum
816 3429 866 3485 illo
923 3449 978 3505 quo
991 3432 1085 3490 locum
1098 3433 1147 3489 nbi
1159 3432 1298 3502 reliquias
1310 3431 1516 3488 collocaverat.
1536 3432 1625 3498 Quaem
1641 3434 1746 3490 iratres

36 3524 167 3575 tractare
183 3518 293 3575 nullum
309 3519 423 3576 omnino
438 3519 525 3576 alium
540 3519 628 3576 vellet
643 3520 797 3575 interesse.
814 3520 867 3574 Re·
923 3523 1079 3594 diligenter
1095 3524 1326 3592 perscrutantes
1344 3520 1417 3576 sicut
1432 3521 1490 3591 jam
1506 3521 1641 3592 diximus,
1660 3537 1748 3593 quan-

40 3605 196 3678 liquiarmn
213 3608 303 3679 igitur
319 3612 402 3680 parte
417 3609 452 3664 do
468 3608 576 3664 scrinio
592 3608 695 3679 pannis
708 3623 780 3679 quos
795 3623 867 3679 prar—
923 3617 984 3669 lum
1010 3616 1179 3684 potuerunt,
1206 3610 1344 3666 semiusta
1366 3624 1430 3666 ossa
1452 3611 1697 3681 coadunaverunl,
1720 3618 1750 3667 et

41 3700 194 3769 paraverat
211 3697 356 3768 imposita,
370 3697 585 3753 studiosissime
601 3697 751 3766 satagebat
768 3702 868 3766 quate·
922 3700 1083 3757 honorilice
1093 3700 1120 3754 in
1131 3700 1273 3770 reliquum
1284 3699 1415 3755 habenda
1425 3704 1684 3757 conservaverunt.
1699 3700 1750 3757 llle

38 3801 94 3842 nus
117 3785 156 3840 nil
178 3801 237 3842 suaa
259 3787 390 3842 obstaret
413 3786 597 3857 profectioni,
614 3790 646 3841 ut
662 3785 795 3841 omnihus
811 3785 867 3840 rita
924 3793 1020 3846 autem
1031 3788 1128 3858 miser,
1139 3788 1267 3843 dictante
1279 3788 1405 3843 omnium
1417 3788 1572 3850 sententia,
1584 3804 1648 3844 curn
1662 3788 1750 3845 licen·

43 3874 226 3947 praeparatis,
239 3889 421 3946 quacumque
434 3875 480 3929 die
491 3874 547 3929 sihi
559 3874 700 3945 placeret,
714 3873 789 3929 liber
799 3888 868 3944 pos·
924 3879 965 3934 tia
975 3876 1122 3946 discessit,
1135 3875 1199 3946 quia
1212 3890 1314 3945 nempe
1326 3875 1380 3930 sihi
1394 3890 1446 3931 nco
1458 3875 1522 3931 loeo
1535 3876 1600 3932 huie
1613 3877 1747 3934 trahitaro

43 3970 87 4020 set
104 3962 265 4020 discedere.
282 3962 359 4018 Talia
374 3963 470 4034 miser,
487 3962 613 4020 divinam
630 3978 685 4019 non
701 3962 868 4032 recogitans
925 3966 1050 4023 ulterius
1066 3963 1248 4021 commodum
1265 3963 1349 4018 uobis
1365 3964 1459 4019 visum
1477 3964 1530 4019 luit
1533 4006 1586 4019 .....

47 4051 337 4122 animadversionem,
362 4055 557 4121 tractaverat;
576 4050 627 4108 sed
647 4053 722 4108 Deus
739 4052 870 4123 omnipo·
959 4079 976 4130 7
980 4111 1225 4129 ,,,,,,,,,
1248 4070 1316 4125 pipp
1337 4070 1391 4124 hoc
1411 4071 1485 4125 33qu
1507 4070 1610 4126 mirum
1634 4069 1750 4128 videtu„

45 4149 123 4210 ²⁰¹¹&
142 4139 870 4212 ‘1¹¹¹⁵²⁰⁰ffl¹¹¹A3fi⁰i¹¹m¹¹⁰¹¹¹5tsepas³fss³³³⁰'
926 4163 1003 4235 qood
1024 4162 1051 4217 in
1072 4165 1155 4217 tanto
1178 4157 1309 4229 periculo
1330 4157 1406 4227 ignis
1425 4163 1454 4215 et
1471 4158 1606 4230 incendii,
1625 4159 1751 4215 intanto

44 4231 178 4290 ocissimo
202 4245 254 4286 ⁸¹¹⁰
279 4230 422 4301 ³90st⁰¹⁰r
447 4230 531 4299 θυμω
551 4229 694 4300 qu⁰¹¹d²¹¹¹¹
715 4244 767 4302 pes
788 4235 869 4286 lma
923 4266 1067 4311 concursu
1093 4255 1123 4304 et
1146 4246 1332 4303 rnnltitudine
1356 4247 1511 4318 utriusque
1536 4262 1624 4305 sexus
1650 4247 1752 4320 populi

43 4327 188 4377 lelfflsum
203 4319 297 4391 Simia
313 4318 591 4388 νθθῑΟΓθΧῦῐῙῑθῙἯῑι
610 4317 726 4390 impiam
737 4319 801 4389 ⁰1⁰⁸
812 4320 870 4377 ὼε·
925 4356 1009 4398 nemo
1025 4353 1146 4412 prorsus
1162 4337 1229 4392 vitae
1245 4335 1291 4391 vel
1308 4334 1411 4392 salutis
1430 4351 1491 4392 suae
1511 4336 1693 4393 debilitatem
1710 4338 1751 4392 in·

40 4409 217 4483 positionem
228 4408 465 4466 manifestavitet
477 4407 613 4465 cassavit.
626 4408 696 4464 Cum
708 4408 825 4480 etenim,
836 4414 867 4466 ut
924 4431 1029 4499 curm,
1046 4427 1144 4484 nullus
1159 4425 1276 4482 omnino
1296 4430 1430 4482 nostrum
1449 4439 1545 4481 perum
1567 4441 1685 4484 suarum
1702 4425 1753 4484 aqi.

41 4497 240 4571 praediximus,
258 4496 355 4555 locum
368 4498 491 4554 eundem
506 4496 674 4568 aliquandiu
686 4496 748 4568 jugi
763 4497 867 4554 sollicu-
882 4479 908 4541 D
925 4518 994 4592 quid
1009 4515 1145 4589 perdidit.

43 4586 144 4643 tudine
155 4586 662 4658 frequentasset,dieantepraedicta
672 4585 739 4642 inde
749 4585 869 4644 descen·

46 4674 120 4732 dens
138 4688 217 4730 more
233 4674 288 4730 sibi
305 4672 405 4744 solito,
422 4673 494 4730 alias
505 4675 603 4731 nescio
615 4690 672 4747 quo
683 4675 726 4732 ire
736 4677 867 4747 paravit;

42 4761 869 4833 cumsuhitoipsadonnus,incertumundcoxortoincen·
927 4784 934 4793 ¹

43 4853 102 4923 dio,
119 4868 184 4908 cunr
201 4850 334 4922 reliqniis
349 4855 377 4907 et
395 4852 573 4909 monasterio
590 4854 743 4910 combusta
759 4860 820 4923 est;
837 4855 870 4913 li-

43 4947 92 5001 cet
109 4941 198 5012 aliqui
214 4939 251 4996 ad
265 4940 403 4996 honorem
419 4939 608 5011 reliquiarum
627 4956 692 4997 oum
712 4943 808 4999 lumen
829 4945 869 5001 ihi

43 5031 181 5089 babuisse
203 5031 355 5103 affirment,
374 5031 452 5102 quod
468 5030 529 5102 ipse
544 5046 581 5087 ex
597 5034 659 5088 toto
675 5033 808 5103 negavit,
823 5034 870 5090 vel

44 5135 162 5179 rursum
177 5120 226 5179 alii
243 5121 350 5193 dicant,
368 5123 404 5178 ab
420 5121 496 5195 igne,
514 5137 571 5194 quo
587 5122 715 5181 candelae
732 5123 772 5180 ibi
788 5137 871 5197 para·
918 5111 922 5123 ’

960 4629 1026 4683 llaec
1043 4629 1201 4694 utcumque
1222 4622 1299 4680 dicta
1319 4621 1478 4688 sufficiant3
1495 4637 1571 4679 nunc
1587 4622 1683 4693 aliqua
1699 4623 1751 4679 mi-

925 4716 1090 4773 raculorum
1107 4713 1182 4769 beati
1201 4711 1314 4768 llathiae
1330 4710 1470 4781 dicamus,
1489 4725 1553 4782 quae
1570 4717 1635 4766 ante
1653 4712 1753 4768 inven-

924 4805 1033 4861 tionem
1051 4803 1114 4873 ejns
1129 4800 1287 4870 contigisse
1303 4800 1384 4856 multi
1399 4799 1492 4856 adhuc
1509 4799 1537 4854 in
1552 4814 1676 4872 corpore
1693 4815 1752 4857 rna-

924 4900 1029 4952 nentcs
1046 4890 1175 4962 religiosi
1194 4887 1574 4961 p1·aedieant‚aquibusnos
1587 4889 1648 4947 hee
1660 4890 1753 4947 conti·

924 4983 968 5055 git
985 4981 1102 5040 audisse
1107 5019 1314 5035 .........

1062 5121 1134 5178 Hcs
1147 5119 1296 5178 miraculo
1309 5117 1343 5176 to
1357 5119 1487 5178 editione
1500 5117 1613 5178 desunt.

840 5251 951 5309 NOTAE.

83 5344 158 5418 (610)
175 5345 242 5402 llaec
256 5344 428 5404 lambertus
440 5347 588 5419 explicare
602 5348 704 5405 volens
720 5346 759 5406 ita
775 5349 868 5408 dicit:

931 5346 1014 5417 Quod
1028 5343 1153 5418 etsectt.
1170 5341 1358 5401 Nemctmite
1368 5341 1443 5427 qaid
1451 5341 1592 5400 incedere
1606 5340 1679 5402 Vite
1689 5344 1754 5426 ejice

47 5417 120 5474 Cena
139 5430 198 5474 non
216 5418 398 5488 trrtetttperrt
417 5420 538 5492 penites
561 5421 659 5492 ipsam
681 5421 872 5494 scriptorem,
929 5420 1073 5493 scriptum
1083 5415 1242 5485 treocaleos,
1254 5412 1755 5496 mehatnqntrittooeednotibem

46 5487 183 5551 scrutari
205 5489 292 5561 cepit
311 5487 339 5547 ri
359 5488 437 5562 quid
458 5491 578 5564 capiam
598 5491 697 5552 simite
718 5494 872 5569 reperere.
930 5491 1021 5569 tader
1034 5485 1164 5552 nomime
1176 5485 1309 5548 arceret.

209 5587 340 5659 Parnon.
368 5587 473 5654 CLIV.

1466 5583 1591 5659 stt
