3788 6000
51 246 151 314 ‚799

666 237 909 308 autemeam
930 234 1218 307 URaUGmNSIS.

1746 241 1807 308 800

94 382 149 453 Qui
167 383 320 458 postquam
346 382 441 442 tenuit
465 399 587 456 regnum
610 396 768 457 perennes
785 385 828 453 lb,
845 376 961 460 mor-A
1014 379 1168 454 aripertus
1196 393 1248 436 rex
1264 381 1420 452 postquam
1439 375 1514 451 apud
1540 375 1668 437 Ticinum
1695 378 1808 452 Longo·

96 477 164 530 tuus
180 478 237 544 est,
254 478 283 530 et
309 488 427 544 regnum
451 475 580 546 suscepit
604 473 756 543 duellioni,
774 472 817 526 uir
834 472 919 529 tortis

95 568 126 619 et
140 567 289 633 strennue,
308 565 358 620 sad
382 565 502 620 arriana
527 564 647 636 pertidia
673 560 845 618 eiaculatus.
865 563 919 616 llu-

94 652 143 723 jus
157 652 340 724 temporibus
354 667 428 724 pcue
444 669 494 724 per
507 652 752 709 orarneseiuitates
768 651 920 721 reguiejus

98 739 154 797 duo
169 745 252 797 erant
269 741 409 813 episcopi,
441 757 514 796 uuus
530 740 702 811 catholicus,
721 741 796 795 alter
825 739 920 795 Arria-

100 844 163 886 nus,
182 831 231 885 llic
253 830 391 886 lltrotlueri
408 846 459 886 rex
479 831 733 900 longobardorum
750 828 829 899 leges
844 845 921 885 corrr-

99 920 207 990 posuit,
225 923 253 975 et
269 919 363 990 ipsum
378 920 507 976 codicem
524 920 651 977 edietum
666 919 832 991 appellavit.
852 922 918 974 Erat

98 1012 193 1063 autem
207 1008 265 1078 jam
290 1015 353 1064 ’Πο3
380 1024 472 1065 annus
488 1025 524 1064 ex
552 1025 608 1079 quo
638 1008 819 1077 bourgobardi
837 1024 921 1064 venc-

98 1100 164 1150 rant
180 1096 206 1150 in
222 1097 344 1152 ltaliam.
362 1101 518 1169 Postquam
541 1114 610 1155 vcro
627 1099 752 1154 sederim
770 1113 860 1153 anuos
876 1113 920 1153 re·

97 1185 196 1253 guavit
212 1190 241 1241 et
257 1194 383 1256 quatuor
410 1203 532 1257 nrcrases,
555 1193 688 1244 mortuus
715 1192 920 1258 rst,1·rguu:n-

97 1286 152 1342 que
168 1273 228 1331 lilio
243 1290 296 1331 sun
312 1277 458 1333 llaaloaldc
480 1278 600 1341 dinrisit,
628 1279 689 1349 ipse
713 1280 808 1335 autem
824 1277 920 1348 sepul-

99 1367 146 1418 tus
161 1367 205 1418 est
220 1365 302 1433 Juxta
331 1365 491 1423 aeclesiam
518 1368 594 1422 litati
611 1367 748 1422 lelmnnis
774 1366 918 1436 baptistae.

96 1451 166 1506 Post
181 1452 297 1522 aliquod
326 1455 571 1526 tempusquidam
601 1456 684 1511 lroum
716 1471 767 1527 pro
797 1454 919 1523 rnaligna

95 1540 257 1610 eupiditate
273 1543 388 1614 aper·th
404 1543 591 1615 sepuiebvum
615 1545 678 1614 ejus
694 1550 788 1607 tacete,
806 1550 834 1599 et
852 1544 918 1599 tulit

96 1628 190 1683 carnia
206 1637 375 1687 ornamenta
393 1632 526 1702 corporis
549 1632 636 1688 illius.
666 1632 805 1703 Apparuit
822 1635 918 1688 antem

977 471 1084 527 bardos
1102 473 1218 526 rexerat
1235 472 1432 542 paratumst),
1457 472 1591 525 mortuus
1621 475 1676 540 est,
1693 475 1722 527 et
1739 471 1807 528 reli·

976 560 1039 631 quit
1050 575 1170 630 regnum
1197 560 1290 630 ipsum
1303 559 1418 616 duobus
1429 557 1498 614 ultis
1513 558 1593 614 suis:
1609 561 1743 617 berhtari
1760 560 1806 597 0000

975 655 1003 705 et
1016 652 1190 720 dolopes-tm
1206 651 1234 704 et
1251 649 1427 719 Golepertus
1441 646 1485 679 1⁰³⁷
1502 647 1622 704 sedebat
1639 649 1668 705 in
1693 650 1803 720 Ticino,

975 739 1108 795 Pcrlrtari
1126 738 1153 793 in
1176 737 1345 793 Mediolano.
1373 737 1501 807 benique
1532 738 1707 797 sarcientibus
1724 742 1805 798 tuali-

975 827 1039 896 gnis
1056 827 1231 891 imminitms,
1255 826 1382 882 surrexit
1398 826 1494 882 edium
1512 830 1541 881 et
1562 826 1709 885 discordia
1727 829 1804 887 inter

976 916 1076 972 arrrtros
1093 917 1208 986 tratres,
1223 917 1249 971 iu
1266 920 1378 971 tantum
1396 919 1426 971 ul
1438 915 1514 971 altor
1526 916 1561 971 ab
1573 916 1668 974 altere
1680 933 1803 988 regnum

975 1005 1803 1077 tolleredecertaret.l‘rolraceausaGntepcrtusdiresit

976 1095 1161 1150 tlaribaldum
1186 1094 1289 1150 ducem
1318 1094 1525 1150 taurinensem
1543 1096 1577 1151 ad
1606 1095 1803 1154 Griuroaldum

975 1184 1077 1240 vlueem
1090 1186 1334 1252 beneventanum,
1348 1189 1378 1239 ut
1399 1184 1511 1240 veniret
1524 1190 1552 1240 et
1568 1185 1723 1255 adjuvaret
1738 1201 1803 1244 eum

974 1276 1075 1329 currina
1095 1274 1213 1328 tratrem
1240 1288 1334 1341 sittim,
1353 1272 1527 1343 promittens
1543 1273 1567 1328 ei
1585 1273 1654 1328 dare
1670 1290 1803 1331 sororem

975 1378 1056 1417 suam
1074 1377 1200 1431 aurorem,
1228 1362 1250 1418 si
1268 1377 1331 1417 eurr]
1349 1362 1511 1433 adjuvaret.
1541 1362 1716 1419 Garibaldas
1735 1379 1803 1421 vere

976 1452 1041 1506 lecit
1057 1452 1185 1507 irauderu
1201 1456 1302 1506 caedra
1316 1450 1462 1506 dmriuum
1475 1467 1569 1520 suum,
1588 1452 1731 1523 [laeditque
1744 1454 1804 1509 Gri-

976 1539 1089 1596 umaldc
1102 1538 1147 1571 0000
1162 1540 1326 1609 consilium,
1342 1544 1371 1596 ut
1387 1539 1502 1595 uerriret
1513 1543 1541 1595 et
1554 1555 1674 1609 regimur
1693 1543 1804 1612 Longo

976 1629 1143 1699 bardorum,
1158 1630 1233 1699 qued
1246 1629 1329 1685 arrrrlm
1343 1629 1457 1698 tratres,
1477 1629 1615 1699 quierant
1631 1630 1804 1689 adnleseen-

20 1753 25 1763 ,
96 1714 120 1768 ei
139 1730 191 1785 per
206 1717 345 1774 visionem
375 1722 479 1776 beatus
501 1721 655 1791 lebannes,
685 1717 1803 1799 dicens?Quaresstes,dissipabaut,apprehenderetutpotequihabebat

96 1818 189 1862 cusam
202 1821 232 1863 es
248 1808 368 1880 langere
387 1824 491 1881 eulpae
505 1810 634 1867 dentium
649 1810 756 1868 iatius?
777 1810 919 1876 decausis
971 1808 1030 1878 jam
1053 1813 1194 1863 straturam
1222 1812 1349 1873 aetatem,
1367 1810 1394 1862 et
1423 1811 1486 1863 erat
1513 1807 1636 1864 consilio
1664 1808 1759 1865 banus
1774 1817 1801 1866 et

96 1907 154 1950 aaa
168 1897 246 1953 recte
255 1898 427 1970 crediderit,
443 1899 541 1956 tamea
552 1914 583 1957 se
592 1900 683 1957 satiati
695 1900 916 1957 ccarmcadnait.

99 1982 668 2060 daciaiciturtocsaccrepreamupsiati‚
681 2002 919 2059 ntrnqaamanm-

97 2071 203 2128 decom
213 2075 374 2133 eeclesiam
385 2077 524 2134 inmotis.
535 2078 614 2144 Quies!
626 2083 653 2133 et
669 2078 774 2133 lectum
786 2079 917 2133 estmnm

97 2161 230 2230 quotiens
245 2164 365 2220 eandem
381 2165 543 2222 ecclesiam
564 2166 673 2222 intrare
689 2165 791 2236 veluit,
809 2166 916 2236 subito,

97 2249 179 2321 quasi
196 2251 303 2323 aliquis
328 2269 392 2311 cum
421 2269 525 2324 rnagno
552 2254 673 2312 cultello
703 2255 872 2311 velletrum
890 2255 917 2310 in

94 2342 198 2408 guttur
215 2340 313 2411 lenire,
341 2347 422 2399 retro
437 2343 553 2400 cecidit.
571 2343 736 2408 ltaclcaldus
752 2343 842 2413 igitur
853 2350 916 2416 pest

96 2432 216 2483 mortem
244 2430 336 2500 patris
364 2432 510 2503 accipiens
541 2447 671 2502 reguum,
700 2431 768 2488 tullt
799 2448 917 2490 uxorem

97 2514 296 2589 Gunlbirgam,
322 2520 408 2576 liliam
438 2520 552 2590 Agilcld
575 2526 605 2577 et
631 2521 841 2577 Tbeodeliudae.
860 2523 917 2577 lsta

97 2604 239 2676 Guntbirg
255 2608 323 2664 lecit
340 2609 502 2665 aecclesiam
518 2611 610 2666 sancti
626 2611 765 2666 lobannis
781 2611 918 2681 baptistae

975 1897 1059 1954 sertis
1076 1897 1101 1952 in
1118 1898 1237 1953 virtute.
1262 1896 1390 1953 Audiens
1406 1895 1467 1953 baec
1491 1895 1683 1966 uerrucarum,
1702 1898 1800 1954 statim

974 1986 1099 2043 elevavit
1125 1985 1250 2043 aniumm
1281 2001 1364 2042 suum
1386 1984 1422 2039 ad
1451 1984 1652 2056 accipiendum
1680 2002 1800 2055 regnum

975 2075 1239 2145 tteugnbardnrnm.
1258 2079 1285 2129 et
1308 2074 1447 2130 ordinans
1462 2073 1551 2129 tilium
1568 2089 1652 2130 suum
1670 2075 1802 2132 llcmoal·

975 2165 1041 2221 dum
1058 2164 1160 2220 ducem
1178 2164 1204 2218 iu
1222 2164 1396 2231 benevento,
1413 2164 1552 2234 ipsecum
1564 2162 1657 2220 electa
1671 2163 1801 2221 multitu·

974 2255 1040 2310 diue
1052 2253 1180 2310 virorum
1193 2251 1387 2324 apprehendit
1404 2252 1478 2309 viam
1495 2256 1598 2308 eontra
1614 2253 1757 2324 Ticinum,
1773 2259 1800 2311 et

975 2359 1026 2414 pcr
1043 2357 1141 2399 omncs
1163 2341 1298 2398 civitates
1315 2341 1402 2411 misit,
1420 2348 1449 2396 et
1466 2341 1588 2398 iaciebat
1607 2341 1662 2397 sibi
1680 2342 1798 2412 surices,

976 2435 1005 2487 ut
1021 2445 1141 2499 reguum
1157 2429 1289 2501 accipere
1302 2434 1400 2500 posset
1410 2448 1417 2496 ;
1429 2430 1656 2485 trasemundum
1673 2433 1801 2487 vereda-

975 2534 1098 2591 puamrm
1123 2518 1259 2574 eoarritem
1276 2517 1354 2574 misit
1371 2533 1420 2588 per
1436 2517 1596 2574 l’olentium
1613 2522 1642 2573 et
1658 2520 1798 2584 Tusciam,

975 2614 1004 2666 ut
1016 2624 1117 2665 ornnes
1129 2607 1336 2677 lterrgcbardos
1353 2607 1388 2663 de
1406 2606 1539 2679 partibus
1556 2605 1614 2662 iltis
1630 2608 1656 2663 in
1674 2608 1741 2678 ejus
1757 2609 1800 2666 ad·

97 2691 125 2748 in
139 2694 280 2752 Tieiuensi
301 2697 431 2768 civitate,
449 2699 526 2754 sicut
540 2705 644 2755 nnater·
656 2699 720 2767 ejus
737 2700 805 2754 lecit
820 2699 847 2753 in
865 2701 919 2755 tlo-
971 2696 1165 2768 jutnrium¹⁰³⁹
1177 2697 1325 2751 invitaret.
1339 2696 1422 2762 Quod
1435 2700 1464 2750 et
1482 2695 1560 2765 iecit,
1574 2701 1603 2751 et
1618 2712 1684 2752 cum
1699 2709 1800 2766 taragna

95 2780 181 2853 dicia,
194 2787 223 2839 et
236 2783 385 2842 decoravit
396 2801 457 2842 eam
473 2787 626 2843 ornatibus
640 2793 668 2842 et
685 2787 788 2844 ditavit
801 2788 916 2859 opibus,
974 2787 1119 2857 adiutorio
1131 2785 1207 2858 apud
1224 2784 1365 2840 AErrriliam
1382 2784 1408 2840 ei
1432 2784 1571 2841 occurrit.
1589 2785 1681 2853 igitur
1693 2785 1800 2840 Grinin-

96 2869 123 2924 in
141 2876 237 2941 quaet
253 2873 316 2944 ipsa
328 2874 443 2946 sepulta
458 2880 514 2931 est.
528 2878 593 2932 llaec
608 2876 674 2931 dum
692 2881 827 2932 accusata
840 2881 917 2932 esset
974 2876 1058 2932 aldus
1073 2891 1137 2932 curu
1162 2874 1291 2930 uenisset
1308 2874 1495 2944 l‘laaentiam,
1519 2873 1596 2929 misit
1613 2873 1798 2930 Garibaldum

95 2961 171 3030 apud
184 2962 317 3019 maritum
330 2979 423 3035 suurn,
434 2965 511 3036 qued
523 2965 720 3022 commisisset
730 2965 916 3035 adulterium,
974 2974 1040 3021 autc
1052 2980 1092 3035 se,
1107 2969 1138 3020 ut
1151 2966 1309 3034 Goteperte
1319 2962 1364 2995 0000
1376 2962 1529 3019 nunciaret
1539 2963 1575 3018 de
1585 2962 1650 3032 ejus
1660 2963 1796 3019 adveatu.

95 3049 349 3122 carellusservus
361 3052 434 3123 ejus,
448 3054 576 3124 petivita
590 3060 709 3124 regent
721 3054 755 3110 ad
773 3054 918 3123 singulare
934 3099 959 3163 C
976 3054 1102 3110 turdiens
1123 3054 1175 3110 boc
1189 3054 1373 3123 Gotepertus,
1393 3051 1518 3122 quesivit
1539 3051 1695 3108 eeusilium
1707 3054 1743 3108 ab
1753 3067 1798 3107 eu-

92 3143 242 3196 certamen
254 3142 447 3212 pugnaresibi
459 3142 563 3199 liceret
574 3159 638 3199 curra
651 3143 702 3199 ille
714 3143 918 3213 quidcmmam
974 3143 1037 3199 doru
1054 3141 1209 3199 caribaldo
1235 3139 1280 3174 ¹⁰⁸¹
1297 3140 1323 3195 in
1341 3155 1397 3212 que
1422 3140 1487 3197 loeo
1514 3145 1688 3212 prepararet
1705 3142 1798 3213 bospi-

95 3241 176 3283 suam
201 3228 369 3298 inlarnavit;
395 3246 584 3302 pugnansque
611 3230 656 3264 ¹⁰³³
672 3247 737 3288 eum
762 3247 796 3287 en
820 3246 919 3288 eoram
972 3231 1048 3287 cium
1060 3230 1234 3286 Grinrculdc.
1249 3231 1285 3284 ut
1302 3228 1350 3284 ille
1368 3228 1530 3300 respoudit,
1549 3229 1668 3300 dignum
1681 3245 1757 3300 esse,
1771 3236 1800 3285 ut

95 3316 171 3379 orrrni
189 3318 305 3389 populo,
322 3333 388 3374 eum
403 3320 577 3391 prostravit,
592 3320 692 3392 sicque
704 3320 803 3388 regina
820 3320 920 3391 pristi·
973 3319 1169 3388 Grimoaldus,
1201 3319 1247 3390 qui
1265 3331 1352 3373 eausa
1378 3317 1458 3374 illius
1474 3323 1594 3374 uenerat
1610 3323 1642 3374 ct
1670 3334 1798 3376 sororem

94 3417 161 3460 num
175 3406 314 3462 lrcncrem
326 3408 590 3479 recuperavitltea
601 3423 669 3465 vero
682 3407 848 3464 ltadoaldus
862 3407 917 3479 ¹⁰³⁸,
972 3406 1036 3476 ejus
1051 3407 1183 3477 accipere
1199 3405 1334 3476 debebat,
1351 3404 1512 3476 hospicium
1528 3405 1650 3462 haberet
1662 3406 1739 3462 intra
1755 3421 1800 3477 pa-

95 3496 127 3548 ut
138 3491 249 3565 dieunt,
267 3510 331 3552 eum
346 3495 540 3553 adulterasset
554 3511 673 3554 uxorem
686 3496 836 3568 cuiusdam
850 3498 919 3553 Lan·
973 3496 1085 3552 latium.
1102 3494 1182 3562 erod
1199 3495 1239 3550 ita
1262 3495 1369 3550 leuatum
1384 3499 1440 3550 est.
1467 3493 1621 3552 Predietus
1635 3509 1708 3566 ergo
1724 3496 1800 3551 Gari·

93 3581 226 3653 gabardi,
249 3585 285 3639 ab
300 3599 333 3641 eo
359 3585 474 3641 eccisus
489 3590 545 3655 est,
574 3601 637 3642 cram
650 3600 707 3654 ram
724 3600 775 3658 por
791 3586 918 3658 quinque
973 3582 1086 3652 baldus,
1105 3582 1264 3638 seminator
1285 3581 1419 3652 maliciae,
1436 3582 1507 3638 dixit
1533 3583 1569 3639 ad
1586 3585 1797 3655 detepertum:

94 3682 186 3726 anuos
199 3676 228 3726 et
245 3677 356 3742 septem
374 3673 437 3730 dies
453 3677 615 3744 regnasset.
633 3673 683 3730 Cui
696 3674 839 3730 suecessit
856 3675 918 3730 Ari·
974 3672 1224 3740 eenamcenam
1234 3685 1298 3728 enan
1311 3671 1484 3730 Grimccido
1494 3672 1736 3744 adcollcqniam,
1749 3673 1798 3729 lvn-

94 3764 208 3831 pertus,
222 3761 300 3818 illius
311 3762 483 3834 Gundcaldi,
492 3764 540 3834 qui
553 3764 605 3820 luit
618 3764 917 3821 iraterllneodelindm
972 3761 1033 3819 beto
1044 3761 1168 3820 loricam
1178 3760 1282 3819 atillam
1296 3760 1510 3831 aestimantem,
1523 3762 1597 3832 qnia
1608 3764 1673 3834 ipss
1684 3763 1712 3819 te
1726 3762 1797 3820 occi·

95 3849 211 3918 regine.
229 3850 279 3907 llic
295 3852 363 3908 lecit
377 3850 540 3909 aecelesiam
557 3852 584 3908 in
601 3852 711 3910 honore
728 3852 836 3908 domini
858 3852 918 3909 Sal·
970 3851 1157 3922 aereqnntt.
1175 3850 1284 3906 Deinde
1301 3849 1374 3905 dixit
1390 3849 1491 3905 endem
1505 3851 1591 3906 nerra
1609 3850 1644 3906 ad
1661 3850 1798 3908 Grinuoal·

93 3938 203 3995 valoris
219 3938 247 3995 iu
259 3940 366 4011 Ticiuo,
378 3945 407 3996 et
420 3941 568 3997 decoravit
583 3956 646 3998 eam
667 3941 756 3997 variis
767 3957 917 3998 ornamen-
971 3941 1048 3996 duur.
1063 3938 1245 4010 Cumqucdie
1258 3939 1796 4011 alteravenisseutadcoltoqueudum,

96 4025 133 4083 tis
148 4027 311 4099 ditavitque
327 4029 510 4087 substantiis.
971 4030 1073 4087 videns
1088 4026 1282 4097 Grimoalvlus,
1310 4027 1386 4097 quod
1412 4028 1588 4099 Gotepertus
1613 4028 1706 4086 lorica
1719 4036 1796 4086 esset

129 4115 221 4186 igitur
246 4117 400 4174 llaurieius
416 4118 576 4189 imperator
600 4123 752 4188 postquam
784 4119 915 4188 regnavit
971 4117 1099 4188 indutus,
1112 4115 1373 4187 evaginatogladic
1389 4115 1537 4173 interiecit
1552 4131 1626 4188 euru,
1645 4122 1677 4174 et
1692 4119 1797 4175 invasit

95 4205 179 4259 annis
194 4208 225 4260 tl
252 4220 317 4262 eum
342 4205 410 4262 ultis
425 4205 489 4263 suis
516 4206 677 4263 Theodosio
692 4213 721 4262 et
749 4208 870 4277 Tyberie
886 4213 916 4263 et
971 4221 1090 4277 regnum
1105 4205 1177 4275 ejus.
1189 4206 1318 4260 llabebat
1330 4208 1427 4260 atatem
1444 4205 1620 4277 Gclepertus
1633 4207 1797 4280 liliumpar·

95 4291 294 4363 Constantino,
318 4294 425 4350 cecidit
449 4293 515 4350 illas
542 4295 641 4365 Foeas,
658 4295 706 4366 qui
723 4295 778 4351 luit
805 4300 915 4353 strator
970 4295 1067 4353 vulum
1084 4294 1426 4364 ironrineltcginperturu,
1440 4309 1523 4364 quem
1535 4295 1684 4367 rapientes
1696 4296 1795 4353 lldeles

93 4379 184 4437 Prisci
202 4381 328 4452 patricii,
343 4387 372 4438 et
389 4381 450 4454 ipse
466 4383 607 4452 regnauit.
626 4383 679 4449 Qui
700 4389 855 4455 postquam
871 4402 915 4442 re·
970 4384 1208 4456 ejusuutrierunt
1222 4383 1346 4439 occulte.
1357 4383 1410 4439 Sed
1423 4398 1475 4440 nec
1487 4384 1795 4441 curavitGrimealdns

92 4468 191 4538 guavit
207 4470 289 4527 aunis
302 4475 328 4542 8,
342 4471 501 4540 Heraclius,
518 4472 567 4542 qui
584 4472 703 4542 regebat
721 4474 857 4544 iliricum,
870 4490 914 4532 se
930 4454 955 4515 D
970 4489 1034 4531 enm
1051 4472 1199 4545 persequi,
1226 4471 1291 4542 quia
1309 4488 1381 4543 puer
1397 4473 1491 4528 adime
1514 4477 1588 4530 erat.
1607 4473 1737 4531 Audiens
1753 4490 1796 4530 au·

94 4555 216 4613 bellavit
226 4559 264 4629 ei,
280 4564 309 4614 et
320 4559 440 4616 veniens
451 4575 515 4617 eum
526 4561 668 4631 exercitu,
679 4562 870 4634 occiditeum,
884 4571 912 4621 et
970 4568 1028 4620 tem
1041 4561 1183 4633 berhtam,
1198 4560 1245 4632 qui
1257 4560 1333 4632 apud
1347 4559 1536 4617 tlediclanum
1553 4563 1708 4631 regnabat,
1722 4561 1795 4634 qued

94 4646 225 4717 suscepit
236 4647 468 4719 imperiquuo
486 4649 748 4719 posterannosffl’t
764 4651 911 4724 defuncte,
970 4649 1793 4724 iratereJ'usrnmtuusluisset,quantavctoeitatepotuit,

77 4731 172 4790 atius
190 4733 253 4804 ejus
284 4736 491 4793 Constantinus
515 4738 646 4809 suscepit
673 4738 844 4811 imperium;
862 4742 912 4798 sed
969 4740 1053 4810 legit,
1065 4743 1094 4795 et
1111 4738 1147 4794 ad
1162 4740 1304 4793 Caeauum
1320 4752 1416 4808 regem
1435 4741 1560 4794 Avarum
1573 4738 1657 4795 abiit.
1671 4741 1795 4797 Uxorem

90 4826 158 4894 pest
175 4827 300 4893 quatuor
320 4839 435 4881 menses
459 4839 512 4897 per
524 4841 665 4884 venenum
687 4829 844 4901 exstincto,
862 4833 913 4887 lle-
969 4845 1037 4886 vero
1052 4828 1131 4885 illius
1154 4827 1268 4883 nomine
1280 4825 1469 4883 ltodelindam
1486 4833 1515 4883 ct
1534 4827 1686 4900 parvulum
1705 4829 1792 4885 filium

92 4909 254 4975 raelennas,
272 4913 362 4970 trater
378 4913 452 4984 eius,
467 4929 532 4971 cum
548 4920 639 4973 matre
654 4917 775 4974 tlartiua
791 4933 912 4988 regnum
968 4919 1084 4975 ncrrriue
1100 4916 1309 4974 chunibertum
1321 4914 1365 4948 0000
1385 4916 1551 4972 transmisit
1565 4916 1752 4975 Grimoaldus
1768 4919 1791 4973 iu

92 4995 272 5055 invaserunt.
290 4999 401 5066 Quibus
425 5016 490 5058 mox
507 5001 639 5074 dejectis,
667 5005 819 5078 Constans,
837 5007 913 5065 lilius
968 5011 1173 5066 Beneventum.
1190 5007 1257 5061 Post
1276 5005 1337 5062 haec
1351 5005 1590 5075 malignusbomo
1606 5006 1790 5077 Garibaldus,

93 5082 286 5159 Constantini,
302 5089 531 5159 regnavitannis
546 5095 589 5148 28.
967 5098 1051 5169 carius
1062 5095 1183 5154 covasilio
1194 5094 1255 5151 baec
1268 5094 1362 5150 ornnia
1374 5093 1447 5150 laetu
1467 5096 1545 5166 sunt,
1568 5094 1689 5153 nundin
1706 5111 1791 5169 super

767 5259 885 5317 VARIAE
905 5261 1104 5319 LECTlONES.

125 5387 290 5472 {⁰³⁸soit'ttm
312 5393 511 5454 deestiueod.
538 5403 562 5453 l.
606 5395 652 5431 0000
681 5399 838 5457 radoaldus
865 5408 902 5458 tt0.
945 5371 1144 5459 1⁹³³nnnis'5.
1189 5397 1383 5472 ¹⁰²⁶pertbari
1415 5405 1617 5459 sabelo.
1640 5406 1667 5460 lt
1704 5402 1788 5460 etita

87 5459 236 5573 fssssmel’t·
283 5461 328 5497 ¹⁰⁸⁷
342 5467 514 5570 gotepertus
537 5472 579 5552 ue.
600 5475 644 5525 10.
660 5472 849 5553 ‘godebertus
873 5476 901 5529 t.
932 5474 963 5531 et
975 5473 1124 5547 deinceps.
1171 5470 1375 5554 ¹⁰³⁸·grimaldn
1394 5477 1422 5530 t.
1440 5473 1585 5544 grinncldn
1600 5479 1644 5533 9⁰.
1661 5487 1774 5546 semper

147 5545 176 5590 a.
196 5547 260 5603 epus
276 5536 304 5588 a.
324 5533 346 5568 ¹⁹
358 5535 370 5569 0
383 5539 530 5606 gotebert.
542 5554 611 5610 jam
625 5541 717 5600 ettam
730 5547 759 5599 ti,
804 5542 1011 5614 ¹⁰⁶¹geribald0
1024 5549 1054 5601 9⁰
1096 5543 1141 5578 ¹⁰⁴²
1156 5545 1340 5602 eunrbertum
1358 5551 1387 5604 5.
