3788 6000
103 193 163 257 ras
736 190 986 279 crinemque.
1001 191 1121 255 -bre
1145 192 1178 254 .ι.
1751 189 1807 252 ιιι

100 341 227 400 corpora
242 331 460 389 sessconvertit
487 332 593 404 quihus
609 332 698 390 biduo
713 331 879 402 indulgens,
896 331 927 386 et
941 326 1116 388 Atestinus
1132 326 1278 384 Anastasii
1304 339 1460 385 successor
1482 323 1646 397 imperabat
1663 324 1691 382 iu
1708 337 1740 381 re
1755 336 1807 396 pu·

100 422 269 474 recreatum
284 419 445 476 exercitum
463 426 528 492 post
544 421 672 479 laborem
689 421 801 488 videns,
818 418 853 476 ad
871 416 925 474 alia
984 416 1069 475 blica.

100 505 183 576 paria
196 507 447 576 negotiacuraoda
461 507 852 576 docerevolens,virum1lei
867 520 931 563 sau·
1020 504 1072 575 (ιιι,
1088 508 1127 578 1.)
1141 507 1271 574 Regnum
1289 503 1379 574 igitur
1394 502 1530 559 clodovei
1543 503 1669 572 quatuor
1681 500 1744 571 ejus
1755 499 1806 558 lllli

100 599 181 648 ctum
199 595 370 665 [inspiciam
386 597 447 653 suis
464 598 634 668 aspectibus
644 596 816 670 presentari
829 595 927 666 jussit,
983 608 1064 664 aequa
1079 593 1155 650 inter
1170 607 1201 649 se
1218 593 1300 649 lance
1328 591 1460 648 dividunt
1476 589 1682 658 Theodericus,
1706 588 1809 645 ctortu-

100 685 132 735 et
148 687 181 737 ut
199 683 278 753 urbi,
295 683 378 753 cujus
392 686 552 742 subventor
568 687 717 755 extiterat,
734 697 878 756 quareque
893 681 930 738 ab
984 683 1082 751 meris,
1101 680 1307 737 childebertus
1320 683 1349 736 et
1367 679 1542 736 clotharius.
1558 676 1704 749 [Praese]
1717 675 1808 732 Sedes

102 767 274 826 imminente
292 772 423 842 periculo
448 775 608 846 eripuerat,
627 773 768 846 pastorali
788 771 930 828 sollieitu-
985 771 1064 839 regni
1080 770 1246 826 Theoderici
1259 769 1355 825 Mettis
1367 769 1472 824 civitas
1485 768 1547 835 luit,
1560 764 1740 824 clodomeris
1751 765 1806 820 Au-

100 855 161 911 dini
189 864 332 929 praeesset
355 860 505 918 admonuit
520 868 548 919 et
565 861 745 919 adrnonendo
759 859 871 932 petivit.
893 859 928 913 et
984 858 1111 922 reliauis,
1130 857 1306 913 childeberti
1320 857 1459 927 Parisios,
1473 855 1612 912 clotharii
1629 850 1805 910 suessionis.

100 943 146 1000 vir
160 946 212 1001 Dei
231 961 288 1003 non
314 947 464 1006 immemor
488 953 654 1020 uerborum,
671 950 778 1021 quibus
794 947 926 1004 dieitur:
984 945 1081 1015 [cnse.
1099 948 1177 1016 Tum,
1191 961 1232 1011 ιιι,
1251 947 1286 1017 tl.
1306 946 1435 1001 llabehat
1448 945 1506 1014 jam
1524 949 1593 1001 tune
1610 940 1807 998 Theodericus

103 1033 222 1097 Quanto
232 1049 408 1108 europenses,
420 1036 549 1095 dormitio
560 1039 625 1095 lein
635 1037 779 1106 orrruidus,
789 1037 818 1091 et
829 1048 929 1091 cerunt
984 1033 1083 1103 hlium,
1096 1034 1325 1090 Theodebertum
1339 1032 1465 1099 nomine,
1477 1033 1640 1102 elegantem
1652 1034 1680 1086 et
1692 1028 1805 1098 utilem,

99 1119 228 1177 Borrine
245 1125 378 1181 iuventius
401 1126 546 1195 pretium,
570 1126 699 1182 oblatum
728 1120 927 1180 honoremvel
982 1128 1010 1177 et
1029 1121 1126 1190 filiani,
1154 1136 1238 1192 qunm
1268 1122 1381 1191 acecpit
1406 1135 1525 1178 uxorem
1543 1118 1725 1176 amalaricus
1753 1130 1806 1173 rex

99 1208 292 1277 potiusonus
321 1214 643 1270 sacerdotiihurniliter
664 1211 819 1279 recusauit,
841 1210 926 1265 immo
983 1209 1126 1280 llispaniae
1157 1209 1263 1265 nlnrioi
1294 1209 1446 1279 dlios‚qui
1476 1207 1553 1279 apud
1583 1207 1806 1262 barcinonama

101 1296 819 1373 presciosbrenitatisvitosuae,quaepostmounm
834 1296 928 1353 termi·
982 1298 1100 1353 Francis
1110 1298 1226 1354 occisus
1237 1303 1290 1353 est.
1304 1297 1450 1368 [Pheneo]
1464 1300 1541 1353 later
1552 1295 1761 1352 Theodericum
1773 1295 1804 1349 cl

102 1384 196 1439 nanda
213 1391 287 1457 erat,
315 1392 346 1444 ul
366 1389 392 1444 ci
409 1389 483 1445 alter
499 1391 682 1454 succederet,
707 1388 813 1444 cedere
829 1385 924 1441 tibuit.
982 1384 1197 1443 childebertum
1227 1387 1385 1442 contentio.
1401 1400 1501 1455 magna
1519 1399 1634 1455 serrrper
1658 1383 1722 1453 luit,
1739 1395 1804 1453 quae

101 1469 177 1528 Tunc
195 1488 246 1531 rex
260 1481 380 1533 euocata
398 1479 531 1548 protinus
543 1479 570 1534 iu
587 1492 674 1534 unum
692 1474 817 1532 fidelium
831 1471 927 1528 inulti·
982 1473 1088 1530 multas
1100 1476 1188 1530 urbes
1200 1474 1310 1530 afflixit.
1326 1474 1423 1545 [cnse.
1436 1477 1513 1543 Tur,
1525 1464 1566 1542 ru,
1578 1474 1632 1545 15].
1647 1472 1711 1528 Fuit
1726 1470 1801 1528 enim

101 1558 214 1630 tudine,
233 1567 265 1619 ut
283 1563 320 1620 de
344 1567 547 1624 constituendo
567 1571 682 1638 pastore
707 1563 881 1622 sententiam
898 1561 924 1615 in
979 1560 1801 1633 Theodericusingeniosusctcallidus,postmodumverc

102 1646 226 1704 medium
253 1652 417 1722 proterrent
441 1655 590 1726 prmcepit.
612 1656 737 1710 Noverat
756 1651 831 1707 enirn
847 1647 924 1720 qued
939 1673 965 1735 Β
979 1662 1044 1704 cum
1063 1650 1151 1706 tratre
1168 1650 1260 1706 lmdus
1271 1649 1346 1720 iniit,
1369 1655 1398 1706 et
1410 1650 1478 1705 dato
1494 1654 1687 1714 sacramento,
1701 1651 1731 1702 ut
1743 1645 1806 1701 nul·

100 1732 180 1802 Juxta
198 1736 350 1796 decretum
368 1741 469 1798 leonis
481 1743 572 1813 lingui
584 1741 751 1814 papronulla
763 1739 839 1796 ratio
851 1738 925 1794 sine·
980 1736 1025 1793 lus
1040 1745 1142 1795 contra
1155 1739 1241 1795 alium
1255 1744 1430 1808 insereretur,
1443 1738 1562 1795 obsides
1574 1737 1608 1793 ad
1622 1736 1743 1792 invicem
1756 1747 1804 1789 ac·

104 1820 159 1889 bat,
178 1831 209 1879 ut
223 1826 465 1901 interepiseupos
477 1832 663 1901 haberentur,
681 1829 729 1901 qui
746 1843 822 1885 occa
840 1826 924 1886 cleri·
979 1833 1130 1897 ceperunt.
1156 1826 1210 1883 Sed
1227 1832 1293 1883 orto
1319 1827 1424 1883 iterum
1450 1827 1628 1909 interreges
1653 1820 1801 1892 seandalo,

103 1909 142 1966 cis
153 1920 254 1969 essent
267 1916 363 1987 electi,
377 1933 430 1975 nec
441 1933 455 1974 a
468 1918 603 1989 plebibus
613 1919 745 1990 expetiti,
759 1933 811 1974 neo
823 1934 837 1975 a
850 1933 924 1975 eom·
978 1913 1096 1970 obsides
1109 1915 1169 1971 dati
1195 1915 1245 1971 lilii
1263 1923 1430 1974 senatorum
1456 1916 1577 1974 servitio
1600 1911 1719 1985 publico
1734 1912 1804 1967 suut

102 2000 333 2068 provincialibus
349 2007 495 2078 episcopis
509 2023 573 2063 cum
587 2008 804 2078 metropolitani
813 2007 924 2078 judicio
977 2002 1097 2060 addicti.
1115 2007 1183 2061 Nam
1200 2008 1375 2078 quicumque
1390 2021 1441 2063 eos
1455 2004 1667 2062 custodiendos
1683 2013 1803 2070 accepe-

101 2090 275 2146 consecrati.
286 2093 412 2150 Noverat
422 2095 509 2150 ctiam
519 2097 663 2164 qnoniam,
674 2096 740 2152 licet
752 2095 923 2167 presideret
979 2096 1056 2161 runt,
1070 2107 1172 2151 servos
1183 2095 1237 2151 sihi
1249 2097 1390 2152 lecerunt.
1403 2095 1489 2166 (ueto
1501 2092 1649 2164 carilefi),
1661 2091 1802 2159 Tempore

102 2175 228 2232 seculari
245 2177 397 2250 dignitate,
413 2196 508 2238 rerum
522 2190 616 2239 tamen
628 2183 923 2254 praesulibusdivina-
978 2179 1119 2237 clotharii
1136 2187 1164 2237 et
1186 2184 1366 2240 cbildeberti
1384 2189 1503 2240 sanctus
1520 2182 1623 2237 dvilus
1639 2183 1668 2235 et
1682 2180 1802 2234 sanctus

103 2275 173 2332 rum,
193 2268 223 2320 ut
233 2267 336 2322 scribit
354 2270 595 2328 beatuscelosius
607 2286 689 2342 popa,
704 2272 827 2328 devotus
837 2272 923 2328 dcbc-
978 2268 1150 2338 carilephus
1162 2272 1345 2328 abstrvernis
1355 2271 1390 2326 de
1402 2269 1803 2335 rnonustcriollenateegres·

103 2357 143 2408 ret
155 2352 232 2409 colla
245 2354 418 2412 submittere
433 2363 521 2428 atque
537 2359 572 2414 ab
583 2359 625 2415 eis
636 2374 809 2416 causassuae
820 2359 922 2416 salutis
976 2355 1190 2422 si‚Nioiaeense
1206 2360 1379 2426 coenohiurn,
1396 2340 1476 2428 quod
1485 2363 1604 2414 sanutus
1619 2354 1800 2422 Maximinus,

102 2445 239 2511 expelere
252 2441 922 2512 inquesubmitterrdisceleslibussacramentis
978 2442 1068 2499 fl'alssl
1084 2446 1178 2500 Slsslll
1195 2446 1301 2515 vitoni,
1320 2447 1502 2516 fundaverat,
1518 2444 1716 2516 eldssliffl'ufltr
1732 2439 1799 2498 etei

102 2528 201 2600 eisque
218 2534 250 2585 ut
265 2532 403 2602 competit
418 2533 604 2605 disponendis
615 2535 700 2591 subdi
712 2549 743 2591 se
759 2521 922 2612 debcrcco·
977 2544 1008 2586 sc
1026 2533 1230 2588 subdiderunt.

100 2617 261 2686 gnoscebat
275 2617 425 2688 religionis
447 2621 548 2678 ordine
568 2623 659 2692 magis
675 2638 759 2694 quam
781 2638 919 2694 pvaeesse.
1012 2618 1158 2692 [Persona]
1175 2620 1313 2677 crotildis
1328 2635 1398 2678 vero
1414 2621 1513 2691 regina
1526 2623 1591 2692 post
1610 2621 1732 2675 mortem
1744 2614 1799 2673 viri

100 2703 218 2762 volebas
236 2721 352 2779 quoquc
363 2723 466 2780 parere
481 2708 600 2767 decreto
615 2712 728 2782 praelati
749 2712 851 2769 Leonis
868 2713 922 2767 lla·
976 2709 1019 2764 sui
1036 2711 1170 2765 monebat
1184 2708 1268 2778 filios,
1286 2715 1408 2766 mortem
1427 2709 1519 2781 pratris
1535 2713 1564 2764 et
1581 2707 1683 2764 matris
1699 2710 1728 2762 ct
1744 2707 1799 2762 lra-

98 2792 153 2861 gni,
170 2792 201 2848 in
218 2807 275 2864 quo
291 2795 332 2850 ait
348 2797 480 2854 scribens
496 2798 616 2855 llrrstico
631 2800 810 2856 Narbonensi
827 2801 919 2856 archi·
976 2800 1051 2852 trum
1070 2797 1181 2854 ulcisci.
1204 2798 1293 2863 Quam
1310 2798 1346 2853 ob
1360 2811 1476 2854 reusam
1492 2795 1534 2852 illi
1552 2794 1735 2866 burgundias
1751 2809 1799 2867 ap·

97 2880 680 2953 episcopomtercorera:cuuuesunumi
690 2888 855 2945 scandetis
866 2888 920 2944 ele·
975 2889 1088 2955 petunt,
1104 2885 1317 2954 sigismundum
1342 2883 1531 2942 condebaudi
1550 2882 1638 2941 tilius
1655 2889 1685 2939 et
1705 2880 1797 2939 code

97 2968 192 3026 stione
202 2969 395 3040 rraotoutur,
410 2973 463 3029 itte
475 2975 610 3032 omuibus
614 2976 818 3046 proponetur,
833 2991 920 3048 quent
976 2987 1082 3029 maram
1099 2973 1202 3044 proelio
1218 2975 1348 3030 vincunt.
1374 2972 1555 3031 clodomeris
1569 2969 1795 3042 Sigismundum,

98 3055 166 3112 cleri
179 3055 341 3130 plebisque
349 3072 506 3118 remensus
516 3064 700 3120 unanimiter
711 3063 916 3133 postulaverit.
934 3021 959 3086 c
974 3061 1041 3118 dum
1063 3061 1098 3118 ad
1116 3063 1320 3118 monasterium
1340 3065 1508 3118 sanctorum
1526 3058 1739 3130 agaunensium
1755 3058 1797 3115 lu·

97 3141 920 3221 ll'ultuauutemiunitisetuoupetentidusdetur,occini·
972 3155 1191 3221 geretcaptum,
1203 3165 1268 3206 cum
1280 3164 1369 3206 uxore
1380 3155 1408 3205 ct
1421 3149 1521 3205 liberis
1530 3148 1664 3204 interfeci
1670 3152 1689 3203 t.
1702 3145 1795 3203 codo·

98 3231 142 3288 tes
152 3233 320 3305 episcopum
330 3250 387 3292 nou
396 3237 528 3309 optutum
538 3239 919 3311 outcoetennpnutuutouis·
973 3237 1061 3294 maris
1075 3243 1155 3307 terga
1172 3242 1291 3294 vertens
1305 3237 1402 3306 latuit,
1414 3239 1444 3293 et
1457 3236 1615 3307 resumptis
1626 3236 1740 3292 viribus
1752 3248 1795 3291 re·

96 3320 144 3389 sit,
162 3320 195 3376 et
199 3321 371 3390 sinimicus
379 3326 525 3396 religiose
535 3328 584 3384 cui
599 3341 658 3384 nou
674 3327 796 3385 licuerit
811 3326 919 3383 delere
971 3338 1059 3393 gnum
1072 3326 1243 3395 burgundiae
1255 3325 1358 3381 lenuit.
1380 3325 1482 3381 Avitus
1492 3338 1561 3381 vero
1579 3325 1670 3381 abbas
1682 3337 1795 3381 monas·

97 3419 181 3478 quem
195 3408 299 3466 coluit.
325 3410 488 3469 celestinus
502 3428 617 3484 quoque
633 3414 661 3470 in
686 3414 814 3472 decretis
830 3414 893 3471 suis
909 3434 915 3469 :
974 3413 1039 3468 terii
1056 3413 1419 3484 aurelianensispraedixit
1436 3412 1607 3483 ctodomeri,
1622 3412 1698 3484 quod
1709 3412 1803 3483 Sigis'

97 3492 208 3552 Nullus
220 3496 327 3555 teritis
341 3497 427 3555 detur
441 3501 610 3572 episcopum
623 3501 813 3574 vicecomis
826 3502 857 3558 ct
873 3516 919 3558 or·
974 3501 1081 3556 mundo
1106 3501 1228 3569 fuceret,
1251 3500 1408 3557 identidem
1434 3501 1527 3572 ipsum
1541 3515 1607 3558 esse
1628 3515 1792 3571 passurum.

97 3580 177 3640 itote
192 3583 571 3660 desitcrtumnequirotur.
973 3589 1102 3658 Curiique
1127 3589 1298 3646 veserontia
1326 3589 1428 3646 Franci
1444 3604 1509 3646 cunr
1539 3588 1795 3659 burgundionibus

129 3669 202 3737 (Pol.
220 3674 278 3744 tu.)
295 3672 457 3732 Clodoveus
472 3676 571 3748 itaque
582 3677 792 3735 harecherium
809 3692 916 3749 regem,
973 3665 1081 3734 bellum
1102 3677 1234 3746 inissent,
1251 3677 1431 3735 ctodomeris
1447 3677 1543 3748 capite
1559 3680 1714 3733 truncatus
1736 3678 1793 3746 est,

96 3758 178 3827 cnjus
190 3759 271 3829 regni
282 3761 442 3820 sedeserat
453 3765 625 3823 cameracus
636 3766 751 3836 civitas,
768 3772 917 3836 parentem
973 3765 1116 3836 deceptus
1130 3767 1166 3821 ab
1180 3765 1299 3821 auxiliis
1312 3766 1483 3823 Theoderici
1499 3766 1576 3836 regis
1592 3763 1691 3834 italie,
1709 3763 1794 3833 cuius

96 3858 177 3902 suum
195 3845 263 3904 dolo
279 3862 363 3905 manu
376 3851 491 3922 propria
508 3851 666 3922 interiecit,
679 3858 708 3910 et
720 3854 838 3910 tratrem
855 3853 918 3923 ejus
973 3852 1059 3909 illium
1076 3853 1279 3924 sigismundus
1293 3868 1413 3910 errorem
1431 3854 1531 3911 habuit
1547 3872 1554 3908 ι
1571 3866 1625 3922 qua
1642 3853 1729 3909 etiam
1746 3851 1795 3909 de-

93 3931 277 3991 bacharium.
292 3936 637 4010 [Fuso.]1)edcratautem
650 3942 844 3999 traditoribus
854 3942 917 4013 ejus
973 3940 1080 4009 lunula,
1094 3941 1189 4010 aliam,
1205 3945 1233 3996 ut
1246 3942 1480 4013 praetaxavimus,
1492 3941 1585 3998 duxit.
1598 3940 1696 4012 [cneo.
1713 3942 1792 4009 Tur.,

94 4025 915 4098 emamentaquaedam,nonauree,sedaereaetdeaurata.
972 4044 1001 4099 ιι,
1018 4030 1072 4100 18].
1091 4030 1219 4098 cumque
1246 4029 1386 4086 crotildis
1411 4030 1487 4085 hlios
1504 4029 1684 4085 ctodomeris
1706 4028 1791 4085 unico

94 4105 191 4179 [csso.
208 4111 288 4180 Tur„
307 4128 335 4182 n,
352 4113 407 4186 tul.
426 4116 496 4172 Post
520 4122 642 4174 mortem
659 4133 729 4175 vero
745 4118 853 4176 domini
871 4120 916 4175 sui
971 4116 1077 4174 affectu
1089 4117 1234 4188 diligeret,
1249 4116 1355 4174 invidia
1368 4119 1474 4174 duetus
1485 4114 1689 4172 Childebertus
1701 4115 1792 4171 clota·

92 4205 306 4268 cognoscentes
320 4202 488 4272 proditores
501 4219 614 4276 aurum,
637 4206 713 4276 quod
725 4221 739 4262 a
751 4221 820 4277 rege
837 4220 916 4264 acce·
971 4204 1045 4260 rium
1059 4206 1095 4261 ad
1113 4220 1211 4262 aecem
1227 4219 1384 4277 puerorum
1400 4203 1543 4260 incitavit.
1560 4201 1630 4272 (Pol.
1647 4201 1793 4274 tuncas-

91 4290 204 4356 pcrant,
221 4300 277 4343 uon
303 4302 413 4360 verum,
430 4291 481 4347 sed
508 4292 715 4364 adulterinum,
734 4301 764 4350 et
779 4309 843 4351 eum
861 4294 915 4352 hoc
970 4294 1048 4365 used
1065 4295 1192 4365 cumque
1209 4293 1337 4350 Parisios
1363 4290 1569 4348 convenissent
1585 4289 1668 4362 quasi
1683 4303 1792 4363 pucros

91 4374 149 4444 regi
168 4375 326 4446 dixissent,
342 4379 527 4449 respondisse
539 4381 632 4438 sertor
647 4396 699 4438 rex
714 4402 721 4442 ;
735 4381 843 4439 Merito
855 4384 915 4441 tute
928 4360 957 4425 D
971 4379 999 4437 in
1017 4395 1105 4452 regno
1120 4382 1213 4454 patris
1228 4379 1423 4449 sublimaturi,
1436 4378 1603 4436 clotharius
1617 4376 1717 4435 dolose
1729 4392 1792 4434 sus·

92 4464 333 4536 secumcoepit,
348 4466 403 4536 qui
413 4467 830 4528 dominumtuumudnmrleru
846 4486 914 4543 pro·
969 4470 1065 4541 ceptis
1081 4470 1125 4525 eis
1142 4484 1156 4525 a
1174 4474 1275 4535 matre,
1287 4467 1482 4526 Theodaldum
1496 4472 1526 4523 et
1538 4465 1728 4523 cuntharium
1745 4480 1793 4522 oe·

87 4550 321 4620 priaaoluututs
324 4553 472 4624 perducit.
480 4555 594 4613 Tertius
606 4557 911 4630 igitnrlratereorum,
968 4558 1049 4628 cidit,
1068 4558 1174 4614 tertius
1191 4557 1368 4614 Clodooldus
1384 4557 1411 4612 in
1426 4555 1567 4613 clericum
1583 4552 1722 4611 tondetur
1734 4571 1741 4608 ε
1754 4553 1790 4610 ad

92 4638 272 4711 propinquus
291 4645 321 4697 et
336 4641 399 4713 ipse
411 4642 558 4712 clodovei,
576 4644 651 4716 apud
673 4647 912 4717 Cynomnnrricam
968 4646 1289 4718 eujussepulcrumvirt
1303 4644 1788 4716 tesssrrnt.[cnsc.Tur.,ru,td;uv,

90 4724 239 4783 civitatem
251 4726 440 4801 jussuipsius
451 4729 625 4789 interlectos
639 4738 695 4790 est.
712 4733 823 4801 Quibus
839 4750 913 4793 mor·
968 4738 1021 4803 163
1037 4749 1078 4805 ur,
1095 4735 1149 4807 12]
1164 4733 1361 4791 Theodericus
1376 4732 1411 4789 ad
1427 4732 1620 4805 direptionem
1636 4729 1788 4788 Arvernici

89 4815 147 4873 tuis
160 4828 247 4875 omne
263 4829 382 4886 reguum
399 4830 497 4874 sorum
514 4824 544 4876 et
559 4820 714 4879 thesauros
728 4823 852 4894 accepit,
872 4823 912 4879 in·
966 4822 1109 4880 territorii
1126 4823 1278 4891 testinans,
1303 4820 1481 4892 sigivaldum
1497 4834 1563 4878 eom
1587 4817 1664 4875 omni
1682 4814 1789 4872 tamilla

88 4904 282 4976 urtectisque
297 4909 327 4960 et
337 4903 402 4961 aliis
413 4905 512 4963 multis
522 4907 653 4978 regibus,
671 4914 701 4965 et
712 4910 852 4981 proximis
864 4926 912 4985 pa·
967 4911 1026 4968 illie
1042 4911 1235 4980 commigrare
1250 4909 1399 4982 praecepit,
1417 4908 1466 4979 qui
1479 4907 1560 4981 plura
1573 4905 1647 4962 mala
1663 4902 1787 4977 peregit,

88 4992 224 5052 rentibus
239 4992 312 5061 suis,
325 5006 399 5064 quos
415 4994 742 5066 suspectosbobcbatut
753 4998 779 5055 ei
790 5013 911 5069 reguum
966 5000 1075 5071 etipse
1098 5005 1198 5070 postea
1218 4998 1292 5055 male
1318 4998 1414 5070 periit.
1430 4996 1496 5053 Tale
1511 4999 1608 5054 autem
1638 4991 1786 5049 excidium

89 5082 249 5152 auferrent,
262 5093 477 5153 regnumsunm
489 5086 629 5153 pertetas
648 5083 754 5142 callias
765 5086 909 5143 dilatavit.
966 5087 1076 5159 regioni
1092 5086 1185 5144 eidem
1202 5101 1253 5143 rex
1265 5087 1404 5159 prelatus
1419 5083 1529 5153 intulit,
1545 5085 1578 5140 nt
1591 5094 1686 5154 neque
1698 5080 1787 5138 mino-

89 5168 168 5228 dbiit
184 5169 263 5242 apud
279 5168 457 5228 Parisiorum
474 5171 574 5228 urbam
586 5186 660 5229 anno
674 5174 759 5231 bem.
778 5173 833 5232 inc.
847 5179 908 5232 518.
966 5176 1048 5232 ribus
1063 5179 1133 5233 natu
1148 5189 1242 5246 neque
1257 5171 1416 5246 majoribus
1427 5170 1584 5243 quidquam
1600 5168 1709 5241 proprii
1722 5165 1789 5226 reli·

89 5258 169 5329 regui
185 5257 232 5314 sui
247 5272 321 5314 anno
335 5261 379 5327 ³0,
396 5257 547 5327 retulisti,
558 5259 750 5332 sepultusque
765 5268 812 5318 est
822 5262 849 5318 in
863 5266 911 5319 ba·
964 5268 1043 5320 ctum
1053 5263 1101 5332 sit,
1114 5267 1223 5334 preter
1233 5260 1449 5329 terromsolam,
1461 5273 1546 5330 quam
1558 5256 1675 5316 barbari
1686 5267 1786 5314 secum

89 5344 171 5404 silica
186 5351 354 5403 sanctornm
376 5347 575 5420 apostolorum
591 5361 675 5418 quam
692 5354 907 5409 construxerat.
966 5351 1042 5407 terre
1056 5366 1112 5408 non
1128 5353 1276 5425 poterant.
1292 5350 1400 5407 Eduam
1416 5359 1533 5421 quoque
1547 5345 1676 5416 obsedit,
1686 5348 1717 5401 et
1727 5355 1786 5400 om·

91 5431 273 5492 Praesidebat
285 5437 356 5491 tuoe
366 5435 502 5493 Romana
512 5435 647 5495 ecelesiae
658 5438 810 5495 Norrnisda
823 5453 907 5512 papa,
966 5439 1043 5497 mino
1060 5438 1248 5514 depraedatus
1261 5443 1317 5496 cst.
