3788 6000
87 228 125 296 tt
495 298 498 306 ,
574 227 759 293 HUGONIS
780 221 958 291 Aesuris
978 224 1315 291 FLAVINIACENSIS
1397 252 1398 257 ¹
1750 224 1790 287 ds

89 372 117 424 et
135 366 266 424 moderni
283 363 427 436 hodieque
436 364 594 433 nescirent,
607 363 662 419 nisi
676 365 761 419 heato
772 361 907 432 Ageriae,
923 361 952 422 A
967 364 1096 417 noratur.
1114 362 1211 432 Neque
1223 362 1277 418 hee
1299 361 1430 418 dicentes
1461 358 1590 431 aequales
1611 358 1787 431 profitemur

67 482 71 489 ·
93 456 141 526 qni
154 452 605 527 postlongatempora‚videiicet
617 458 685 523 post
704 451 910 508 successiones
967 450 1148 507 confessores
1159 449 1346 521 martyribus,
1361 465 1484 522 querum
1499 449 1663 505 constantia
1677 447 1786 504 Christi

93 544 221 616 quinque
238 543 417 616 pontineum,
437 542 497 613 ipse
523 546 625 598 sextus
653 541 697 596 eis
713 543 908 609 successerat,
967 543 1011 594 est
1023 539 1113 595 insua
1127 540 1263 609 passione
1274 537 1541 610 sequutavestigia;
1554 536 1605 593 sed
1617 536 1791 609 tuncinpri·

92 637 151 688 tam
168 633 302 705 preciosa
317 630 439 688 simbola
453 629 630 687 revelatione
642 635 784 685 necturna
796 643 847 699 per
863 642 911 683 an·
967 627 1080 683 merdin
1101 626 1390 685 nascentisecclesim
1402 641 1466 684 cum
1480 626 1584 683 sevitia
1596 624 1721 682 rorentis
1741 624 1791 680 ad-

92 719 224 791 gelorum
236 717 912 789 odiciumdignatiodeclarassetdivinallarra·
967 716 1090 772 versarii
1107 716 1215 773 multos
1230 717 1314 773 nobis
1329 717 1439 772 laceret
1469 715 1604 771 veritatis
1633 718 1787 785 martyres.

91 812 199 865 verunt
214 815 310 866 autem
323 808 358 864 de
375 809 461 864 beato
474 808 570 863 hiaure
581 805 615 840 ¹¹⁸
628 805 765 877 posteris,
794 804 836 860 illi
863 805 910 874 qui
967 805 1081 876 perrari
1096 805 1320 862 inveniebantur
1334 804 1525 862 ecclesiarum
1550 803 1683 873 magistri
1698 801 1787 859 etde·

93 897 253 954 interfuere
266 895 451 954 translationi
467 911 531 966 qnae
549 910 562 951 a
577 895 662 950 iteatn
689 893 824 964 dgerice,
843 897 912 950 tunc
967 898 1075 950 etores.
1089 895 1169 950 Nirne
1186 894 1251 964 quia
1265 893 1324 964 y'am
1341 892 1487 950 inmundo
1500 893 1579 963 viget
1591 890 1790 949 christianita-

91 986 235 1059 temporis
247 986 322 1042 lacta
339 989 393 1051 est,
416 990 444 1040 et
459 984 640 1056 posteriores
660 982 781 1054 scriptis
795 981 831 1038 ad
847 997 912 1039 nes·
968 983 1130 1053 nstitutus,
1143 987 1171 1038 et
1189 981 1397 1055 paceeeclesiae
1408 981 1456 1039 liei
1473 980 1587 1038 reddita
1606 979 1791 1037 hostiumad·

93 1079 267 1146 tramusque
287 1074 421 1130 notitiam
443 1073 683 1141 transmiserunt,
707 1072 824 1127 beatum
838 1071 912 1126 ilan-
968 1072 1147 1128 versantium
1164 1071 1311 1128 contritus
1325 1077 1368 1128 cst
1381 1071 1518 1143 impetus,
1539 1070 1786 1140 sacerdotumque

93 1162 508 1235 rumdiversissupplieiornm
520 1160 679 1232 generibus
696 1159 914 1216 allectnmveri-
970 1161 1097 1233 puritate
1114 1161 1279 1217 innocentis
1292 1160 1358 1216 vitae
1374 1160 1494 1215 Domino
1507 1159 1710 1215 adherentium
1728 1157 1791 1214 diu·

92 1252 352 1309 tatitestimonium
363 1250 560 1322 perhibuisse,
571 1252 599 1305 et
611 1247 914 1321 preddechristimar-
968 1250 1112 1306 turnitate
1128 1251 1207 1323 pacis
1219 1250 1314 1305 crevit
1325 1249 1534 1318 numerositas,
1550 1249 1625 1305 adeo
1639 1252 1671 1305 ut
1688 1247 1790 1318 plures

91 1338 731 1411 tirio,occuhuisse,sientetipsiindelnneto
748 1336 857 1408 videre,
884 1340 912 1392 et
969 1337 1103 1395 ecelesiae
1119 1353 1182 1409 quae
1199 1337 1356 1395 multorum
1372 1336 1544 1408 pentiilenm
1555 1335 1791 1392 beatorumirra-

92 1427 215 1486 necdum
227 1429 324 1486 soluto
350 1442 473 1499 corpere
490 1426 584 1484 saneti
610 1425 667 1498 piis
688 1424 799 1482 esculis
816 1424 913 1483 dulcia
969 1425 1087 1483 diantur
1102 1427 1199 1497 titulo,
1211 1427 1260 1483 vix
1272 1425 1358 1483 unius
1366 1425 1504 1497 martyris
1522 1423 1681 1481 fulciantur
1692 1427 1792 1496 patre-

93 1517 213 1573 vulnera
222 1520 455 1573 contrectavere.
465 1515 520 1572 Sed
542 1517 666 1572 sortasse
687 1514 763 1571 dicat
785 1514 912 1585 aliquis:
969 1515 1046 1571 einio
1063 1536 1069 1570 ι
1087 1515 1119 1570 nt
1136 1516 1320 1587 utquidame
1336 1514 1424 1584 vulgo
1440 1512 1517 1585 quod
1529 1513 1635 1569 habent
1655 1512 1740 1584 quasi
1752 1513 1792 1568 ta·

93 1605 267 1675 Quareerge
279 1602 914 1675 heatnshgeriousattemperisilliuslldeles
971 1604 1103 1674 stidiant,
1118 1603 1194 1675 qued
1210 1619 1264 1659 nen
1282 1605 1390 1660 habent
1402 1602 1581 1673 desiderent,
1595 1606 1625 1658 ct
1646 1606 1792 1674 martyres

94 1692 413 1750 memoriamitiiussub
423 1692 914 1764 nomineethonoremartyrisceie·
928 1717 956 1778 B
971 1692 1048 1748 orani
1063 1693 1177 1762 quidem
1188 1692 1408 1762 honorcdignos
1416 1691 1560 1762 judicent,
1571 1690 1724 1762 utitistum
1735 1695 1791 1761 est,

94 1782 173 1838 hrari
185 1796 239 1837 non
257 1782 459 1853 instituerant,
473 1796 537 1853 quaa
558 1781 704 1853 hodieque
726 1783 781 1838 suh
800 1781 914 1838 nemine
972 1783 1143 1838 sacerdotes
1157 1796 1227 1839 vero
1240 1781 1352 1837 itomini
1364 1795 1437 1852 quos
1449 1781 1557 1837 habent
1575 1783 1728 1852 patronos,
1741 1780 1791 1835 nti-

94 1869 276 1926 coniessoris
288 1873 448 1926 veneratur
462 1872 474 1926 l
487 1868 627 1940 Quisquis
643 1869 699 1925 ista
717 1869 915 1941 obponit,res
972 1872 1035 1927 nori
1050 1869 1132 1928 cultu
1147 1876 1325 1927 venerentur
1335 1873 1525 1928 ethonorent.
1539 1871 1666 1936 Quorum
1678 1867 1791 1926 animas

95 1958 221 2030 pendeat
240 1962 270 2013 et
286 1958 349 2031 ipse
367 1958 479 2025 :Quare
491 1958 595 2014 heatus
610 1958 846 2029 Gregoriuspapa
859 1958 913 2014 no·
971 1960 1026 2016 etsi
1034 1959 1149 2031 gladius
1165 1960 1363 2031 persecutoris
1374 1974 1430 2015 non
1442 1958 1577 2028 abstulit,
1604 1955 1730 2031 palmam
1749 1961 1792 2014 ta·

96 2061 209 2118 manns,
218 2047 384 2104 memoriam
410 2047 785 2120 praedecessorumsuorum
801 2046 916 2118 pontill-
972 2063 1102 2105 mennon
1119 2048 1243 2105 amisere
1255 2048 1396 2119 martyrii,
1410 2046 1477 2105 dnm
1489 2046 1586 2104 carnis
1598 2045 1790 2103 illecebraset

94 2151 159 2192 eum
176 2135 370 2192 Romanorum
388 2136 527 2205 martyrio
539 2135 915 2192 coronatoruminecclesia
971 2137 1067 2194 hostis
1083 2137 1478 2195 invisibilismachinamenta
1491 2135 1568 2192 lldei:
1592 2135 1655 2208 spei
1681 2135 1792 2191 eleari·

94 2225 170 2282 sicut
180 2224 916 2297 hodiequeeanitnrinstituens,nobilitaviteosne
971 2225 1043 2283 tatis
1055 2226 1172 2284 invictae
1184 2240 1359 2298 superavere
1374 2225 1551 2283 constantia.
1570 2224 1625 2281 Sed
1642 2222 1793 2281 docendus

94 2313 171 2369 mine
188 2313 392 2370 consessorum
406 2322 434 2370 et
452 2328 509 2370 non
527 2313 626 2386 potius
648 2318 817 2385 martyrum,
844 2327 917 2384 quos
971 2316 1158 2387 estpopulus,
1171 2330 1228 2372 non
1244 2314 1418 2387 sequendus.
1439 2315 1628 2371 honorentur
1646 2317 1793 2384 martyros

94 2401 196 2473 utique
207 2403 375 2475 seimnspro
387 2401 503 2459 Christo
514 2402 866 2473 gravissimistermentis
877 2402 916 2457 ai·
972 2409 1003 2462 ut
1020 2405 1194 2462 nobilissimi
1212 2404 1302 2463 divini
1314 2404 1406 2477 prelii
1421 2403 1581 2460 bellatores
1597 2408 1625 2459 et
1633 2402 1791 2460 christiani

94 2489 234 2548 ilictos¹¹⁶
246 2491 917 2563 premiavttasanguineredemlssethospro·
972 2495 1095 2550 nominis
1113 2496 1354 2566 propugnatores,
1367 2494 1586 2550 honorentnret
1606 2492 1795 2548 contessores

95 2577 211 2636 modulo
221 2578 361 2649 ingenioli
372 2580 401 2636 id
414 2579 625 2652 respondemus
639 2600 645 2634 :
659 2580 730 2647 Quia
746 2584 834 2637 tantae
846 2583 916 2636 tunc
973 2589 1004 2640 ut
1021 2583 1148 2640 ildelinm
1159 2583 1319 2639 animarum
1336 2587 1468 2638 rectores
1484 2585 1514 2638 et
1531 2582 1679 2652 doctores,
1696 2583 1725 2638 et
1747 2594 1795 2637 eo-

94 2667 122 2723 in
137 2666 264 2725 ecclesia
280 2675 345 2724 erat
355 2668 468 2739 gloriae,
480 2668 641 2738 quemlibet
652 2669 841 2726 doctornmin
853 2682 916 2724 ver·
973 2688 1035 2729 rum
1052 2671 1176 2742 singulis
1189 2671 1217 2727 in
1229 2671 1304 2729 iocis
1318 2671 1492 2744 propensius
1518 2671 1679 2727 honoretur
1695 2683 1793 2727 sacer·

94 2756 131 2810 bo
148 2755 445 2813 doctrinaedesudare
456 2760 486 2812 et
496 2754 550 2812 sihi
563 2755 728 2813 commissis
737 2757 828 2813 verbo
840 2761 868 2813 et
878 2756 917 2812 ia·
973 2762 1094 2831 dotium,
1113 2775 1164 2833 per
1175 2759 1545 2832 quessalutissumpsimus
1560 2759 1724 2816 exordium.
1740 2758 1794 2815 Vc·

94 2847 142 2900 cto
154 2843 307 2914 invigilare
317 2843 501 2916 populosque
513 2845 817 2916 errenecsetahsqne
827 2844 917 2901 domi·
973 2850 1080 2906 rnrnde
1090 2850 1136 2906 his
1149 2850 1202 2905 ista
1215 2849 1370 2906 sufficiant.
1384 2850 1464 2905 Nune
1478 2848 1549 2919 quid
1565 2848 1600 2905 de
1626 2849 1711 2905 beato
1723 2845 1777 2904 Pul

95 2931 917 2990 nevereadviamveritatisconvertercettalibnsolll·
972 2938 1102 3009 chronio,
1129 2953 1214 3009 quem
1252 2937 1442 2995 virdunensis
1467 2937 1573 2994 civitas
1616 2942 1790 3008 eotcmpore

95 3021 150 3079 ciis
166 3023 289 3078 mercari
306 3022 411 3093 gaudia
427 3023 505 3094 vitae,
523 3027 639 3093 quantae
654 3023 690 3078 ad
701 3022 791 3079 ictum
802 3023 916 3080 securis
973 3027 1077 3085 meruit
1086 3027 1193 3084 habere
1201 3032 1355 3098 rectorem,
1365 3027 1392 3082 in
1413 3026 1570 3099 seripturis
1591 3025 1791 3082 invenerimus

96 3108 141 3167 vel
154 3110 332 3167 imminentis
343 3109 433 3183 gladii
445 3116 533 3183 caput
546 3109 687 3167 inclinare
697 3109 861 3183 collumque
871 3127 917 3168 ex·
932 3081 957 3146 C
974 3116 1256 3174 velbdelinmveraci
1267 3114 1570 3186 relatudidicerirnus,
1580 3113 1687 3171 Christi
1697 3113 1791 3170 homi·

96 3199 233 3269 tendere;
245 3214 310 3257 cum
323 3200 358 3257 ad
369 3200 917 3273 martyriigloriamcapessendamqni·
973 3207 1001 3263 ni
1016 3208 1199 3279 protegentis
1213 3212 1243 3264 et
1258 3206 1410 3263 edocentis
1423 3219 1475 3262 nos
1486 3204 1633 3276 adjutorio
1653 3202 1752 3260 brevis
1764 3207 1794 3258 et

96 3287 169 3345 lihet
180 3288 216 3345 de
228 3287 346 3361 populo,
357 3287 651 3357 enjuseoruominus
662 3287 917 3362 illustrandoprae·
973 3295 1070 3353 lueida
1082 3301 1277 3368 prosequatur
1292 3292 1438 3351 orationi.
1597 3283 1600 3289 ’

98 3381 242 3448 parasset,
256 3376 355 3448 quiret
366 3376 552 3448 subicere,ad
564 3376 777 3449 proscindenda
788 3393 858 3435 vero
868 3393 918 3435 vo·
1008 3384 1383 3457 igitarltolimperantibns
1395 3383 1456 3455 (iol.
1469 3385 1524 3454 ab).
1534 3382 1796 3439 lionorioetTheo·

98 3478 177 3522 mere
186 3465 268 3522 verbi
279 3465 368 3522 corda
381 3465 916 3538 incredulornmeterogandasemina
974 3473 1057 3531 dosia
1079 3473 1204 3545 jnniore,
1235 3473 1282 3545 qui
1308 3473 1552 3542 Valentinianum,
1575 3470 1740 3528 Constantii
1763 3474 1794 3527 et

97 3553 263 3612 divinorum
278 3555 456 3626 dogmatum,
468 3554 503 3610 ad
511 3553 674 3612 exerendas
689 3555 849 3613 varietates
860 3571 918 3612 am·
974 3562 1111 3620 Placidiae
1123 3561 1223 3633 filium,
1241 3566 1405 3618 consortem
1421 3561 1535 3635 imperii
1548 3561 1616 3618 lacit
1639 3558 1681 3615 ¹¹⁷.
1705 3563 1795 3616 natus

96 3643 380 3714 monitionvmdisne
392 3649 420 3701 et
433 3644 562 3701 discrete
574 3659 628 3717 nro
638 3644 780 3716 quailtate
798 3650 828 3702 et
837 3659 920 3718 cana.
974 3657 1020 3711 est
1032 3653 1059 3708 u
1076 3653 1147 3708 urna
1163 3649 1796 3709 recessimheatusrutcnronruscnnsua-

94 3730 227 3791 eitats¹¹⁸
237 3732 533 3803 audientium,intam
547 3747 614 3790 rara
625 3733 846 3791 christianitate
854 3750 918 3807 per·
974 3742 1018 3799 nis
1035 3741 1206 3812 parentibus
1221 3756 1257 3797 ex
1268 3740 1375 3798 iamilia
1386 3739 1530 3798 ecclesie.
1544 3739 1714 3796 Natiuitatis
1724 3753 1796 3796 vero

97 3821 661 3896 pauciinvenirenturquihuscemmitti
696 3828 796 3894 nosset
820 3837 916 3880 sticel-
973 3828 1632 3903 ejusprimordiacaelestibusauspiciisdivina
1644 3827 1795 3900 insignivit

99 3911 197 3970 dotale
208 3912 343 3969 ⁰ffi⁰i¹111l
357 3911 431 3980 Quid
441 3912 637 3969 enimtereins
649 3912 759 3968 apelffl
766 3911 919 3970 Clemens?
973 3919 1139 3978 clementia.
1150 3918 1320 3976 Revelatum
1335 3919 1465 3976 estenim
1473 3917 1645 3991 parentibus
1652 3917 1795 3989 einsante

95 4023 191 4067 nonne
202 4007 797 4082 marisgurgitibusimmersuscomplevit
810 4014 917 4083 marty·
973 4009 1059 4081 longa
1075 4007 1380 4081 conceptionisipsins
1395 4011 1538 4079 tempora,
1554 4006 1631 4079 qnod
1647 4003 1795 4063 talemha·

96 4098 276 4168 riulenid
288 4099 571 4157 Marcelluslnonne
587 4100 615 4155 in
632 4099 717 4156 dome
734 4099 849 4158 Lucinae
860 4114 918 4158 ma·
974 4098 1064 4155 bituri
1080 4103 1181 4156 essent
1203 4097 1292 4155 illium
1316 4097 1365 4170 qni
1381 4101 1578 4154 essetsanctae
1602 4093 1796 4152 Deiecelesie

96 4195 188 4248 trane
204 4203 289 4262 qnam
301 4191 359 4247 Deo
371 4189 531 4260 dicaverat,
544 4189 648 4246 stratis
667 4189 779 4261 plancis
794 4187 830 4246 ed
858 4191 917 4246 ani·
973 4187 1092 4245 lucerna
1106 4186 1286 4245 incensante
1298 4186 1459 4258 hominum,
1473 4185 1538 4241 etin
1553 4188 1687 4258 tempere
1709 4198 1796 4256 oper-

96 4277 181 4337 malia
197 4279 327 4338 catabuli
343 4279 453 4352 publici
471 4279 578 4336 ibidem
594 4277 740 4335 adeorum
751 4278 916 4336 custodiam
974 4282 1045 4334 tuno
1061 4274 1145 4333 deret
1160 4275 1319 4333 iracundis
1330 4275 1380 4332 Dei
1408 4272 1610 4332 reconciliatio
1624 4278 1655 4330 et
1681 4272 1792 4330 fureris

93 4368 255 4442 deputatus
269 4369 360 4426 vitam
378 4367 495 4424 linivit?
510 4366 580 4433 Quae
592 4366 685 4438 maior
706 4366 831 4423 nominis
841 4366 917 4424 chri·
973 4365 1179 4440 ejusjptaeatio.
1191 4366 1384 4422 Erantautem
1395 4367 1533 4436 parentes
1544 4363 1608 4435 ejns
1620 4360 1751 4434 religiosi
1764 4366 1794 4418 et

94 4458 182 4516 stiani
200 4458 315 4529 injuris:
334 4471 419 4527 quam
432 4455 483 4512 bei
507 4470 650 4513 summum
676 4456 861 4513 sacerdotem
886 4462 914 4513 et
930 4445 957 4508 D
973 4457 1067 4528 gratia
1084 4453 1477 4525 intersuesnnminatissimi,
1491 4451 1643 4525 ddeplent,
1655 4449 1793 4508 elemosi-

92 4546 227 4604 eceiesiae
238 4551 348 4604 sancta
364 4548 510 4602 rectorem
521 4546 667 4602 mutorum
680 4544 845 4603 animalium
858 4546 915 4604 diei
972 4547 1018 4604 nis
1032 4544 1134 4617 dediti,
1147 4545 1249 4602 domus
1264 4558 1325 4600 snae
1349 4557 1448 4600 euram
1467 4543 1620 4612 hahentes,
1650 4537 1795 4596 familiam

92 4635 137 4693 vel
153 4649 220 4694 esse
234 4634 410 4692 custodem?
426 4636 527 4706 ltaque
539 4634 577 4705 hi,
592 4639 623 4692 nt
637 4639 786 4693 taceamus
799 4636 915 4693 interim
972 4635 1167 4710 piejusthne
1179 4638 1325 4705 regentes,
1336 4633 1365 4688 in
1381 4631 1525 4689 mandatis
1535 4636 1565 4688 et
1575 4627 1796 4702 justificationi·

92 4725 128 4782 de
144 4724 287 4798 pluribus,
305 4737 358 4796 per
369 4724 500 4795 martyrii
516 4738 654 4781 coronam
666 4725 701 4781 ad
713 4731 852 4783 eternam
863 4740 915 4800 per
973 4725 1028 4782 bns
1044 4723 1094 4781 hei
1107 4722 1288 4793 incedentes,
1301 4724 1497 4794 pauperumet
1513 4718 1736 4793 peregrinorum
1751 4715 1793 4775 oi-

90 4825 199 4871 venere
210 4811 392 4880 felicitatem
402 4817 430 4870 et
442 4815 540 4870 tamen
552 4828 729 4873 cumeorum
738 4814 875 4874 memoria
886 4816 914 4872 in
971 4815 1062 4873 ilciesi
1075 4817 1275 4887 susceptores,
1287 4810 1478 4869 ecclesiarum
1500 4808 1792 4880 studiesiamato'res,

90 4901 189 4960 misse
205 4901 380 4960 celebritate
391 4901 542 4975 recolitur,
555 4904 713 4962 sacerdotii
724 4904 852 4976 dignitas
865 4904 914 4962 ho·
975 4905 1081 4977 quibus
1092 4903 1208 4977 merito,
1221 4905 1361 4975 qnantum
1374 4898 1573 4959 adhumanom
1582 4898 1710 4970 modum,
1723 4909 1797 4970 prae-

770 5032 888 5098 VARIAE
908 5033 1108 5101 LECTIONES.

126 5155 256 5217 ²¹⁸1teh.
275 5156 466 5245 ii.lemery.
507 5159 540 5196 ¹¹⁸
555 5163 771 5247 adactosneorr.
790 5165 914 5225 alltictos
931 5168 992 5227 cod.
1032 5163 1180 5248 ¹¹⁸-Elcap
1201 5171 1346 5234 superer.
1386 5149 1794 5230 “maestimabilem

90 5229 179 5315 terte
191 5236 332 5305 quattuor
343 5233 410 5292 tolia
422 5238 502 5292 retro
513 5239 543 5291 et
554 5231 628 5306 lege,
641 5235 750 5307 quates
760 5237 858 5296 certis
868 5239 1050 5298 remittetur
1060 5234 1191 5308 aelfelm
1200 5236 1243 5291 ab.
1256 5237 1300 5290 27.
1311 5236 1355 5290 28.
1369 5232 1414 5288 it.
1426 5229 1605 5303 qauspoatea
1617 5225 1656 5285 ab
1666 5225 1796 5298 dmm

88 5303 207 5361 artemo
221 5303 472 5377 svnttntcrfetia
486 5310 520 5363 ab
535 5306 566 5364 et
578 5309 620 5363 30.
661 5304 694 5339 ¹¹⁷
709 5307 852 5366 Fecerunt
867 5325 943 5368 cerr.
960 5309 1031 5367 tecit
1043 5322 1066 5366 e.

883 5439 995 5499 NOl'AE.

25 5571 30 5582 '
127 5566 184 5641 (te)
200 5566 357 5639 Sequentia
373 5564 489 5638 excepit
504 5567 609 5623 auctor
623 5578 661 5620 ex
674 5565 739 5622 Vita
756 5565 782 5622 S.
799 5562 969 5624 Pulchronli
982 5563 1041 5637 jam
1056 5561 1219 5637 deperdita.
