3788 6000
146 204 206 268 675
720 200 960 265 EKKEHARDI
985 195 1260 265 URAUGIENSIS
1795 201 1855 265 G'lss

145 355 208 398 sum
224 338 372 395 interfecit
388 338 490 395 ordine
505 352 593 409 supra
608 336 719 408 scripto
730 335 773 406 ⁸¹⁴,
787 342 818 392 ut
830 336 857 391 in
871 336 1013 396 iterna-A
1031 335 1155 391 titusest
1168 334 1300 406 imperio,
1317 334 1424 390 iainilia
1440 332 1582 390 honorate
1595 335 1687 405 magis
1701 348 1791 406 quam
1807 352 1856 392 uo

147 443 182 484 na
199 427 307 498 legitur
322 426 463 498 hystoria.
486 441 550 482 eum
567 424 684 495 quidam
700 424 830 480 scribant
846 424 925 480 illum
943 424 969 479 in
1030 422 1080 479 bili
1096 427 1179 480 ortus
1199 421 1246 490 (ri.
1265 423 1350 479 Onos.
1370 424 1388 479 l.
1407 424 1449 495 tp.
1472 423 1540 479 Nam
1559 428 1644 495 pater
1664 425 1731 495 ejus
1751 424 1857 481 Lucius

146 516 222 574 silva
247 521 392 573 errantem
408 529 422 570 a
439 514 516 585 lupis
538 528 603 569 esse
627 514 807 569 devoratum.
826 512 908 580 (buu.
925 511 972 568 Vr·
1028 509 1164 567 Vitellius
1181 527 1235 567 non
1250 512 1404 568 admodum
1420 511 1499 567 clare
1515 517 1668 581 natusest,
1683 518 1855 569 trestamen

147 608 243 679 eron.)
260 607 341 661 llurm
353 606 449 659 l'ersaa
462 603 488 659 in
501 607 612 658 tantum
625 602 802 663 dilexerunt,
817 607 848 656 ut
859 600 972 671 legatos
1028 599 1193 656 ordinarios
1217 603 1349 669 gesserat
1374 598 1557 657 consulatus.
1579 600 1630 672 (H.
1647 602 1683 657 lt.
1702 603 1733 656 et
1747 603 1788 657 H.
1804 608 1855 672 ru.)

149 695 301 751 mitterent
317 693 445 760 Romam,
459 691 580 747 multum
597 695 743 759 rogantes,
757 693 786 746 ut
799 689 973 745 concedere·
1029 689 1080 745 llio
1095 705 1160 745 curu
1177 689 1269 745 multo
1284 688 1427 746 dedecore
1443 689 1606 761 imperavit,
1633 689 1725 746 multa
1751 692 1855 747 sevitia

146 787 197 840 tur
208 783 268 839 illis
279 780 396 837 licentia
413 780 572 836 fabricandi
584 780 610 833 ci
622 777 819 850 sepulchrum.
838 778 971 834 Ceterum
1027 777 1194 850 ceterisque
1206 778 1285 834 vitiis
1296 777 1444 848 notabilis,
1455 778 1578 834 maxime
1590 777 1721 849 ingluvie
1731 782 1762 835 et
1773 794 1856 835 vora·

149 886 251 929 omnes
265 870 328 927 alie
346 868 500 939 provinciae
512 872 540 922 et
551 871 612 923 tota
628 868 715 923 llonra
728 867 763 923 de
774 866 893 922 interitu
908 865 972 934 ejus
1028 866 1129 938 citato,
1147 866 1253 938 quippe
1268 867 1316 937 qui
1332 866 1367 922 de
1383 867 1430 922 die
1444 871 1550 937 quarto
1563 867 1610 923 vel
1626 867 1732 937 quinto
1744 867 1856 939 eepe⁸¹⁸

148 960 234 1016 niniis
251 958 466 1026 exultaverunt,
480 956 507 1012 in
522 959 633 1013 lantum
648 961 679 1012 ιιι
695 969 794 1012 onmes
807 954 904 1010 vestiti
921 953 972 1024 pll·
1029 956 1123 1012 lertur
1145 954 1292 1026 epulatus.
1317 955 1472 1012 Notissima
1496 960 1578 1012 certe
1601 969 1684 1012 eoena
1706 958 1854 1013 memoriae

147 1047 203 1105 leis
220 1045 486 1114 manumissionum,
508 1044 584 1114 quud
605 1049 673 1100 tunc
692 1050 754 1099 erat
771 1044 885 1114 signum
901 1042 973 1097 libe·
1028 1043 1163 1099 mandata
1172 1047 1226 1113 est,
1238 1045 1357 1114 quamei
1369 1042 1513 1114 Vitellius,
1526 1045 1615 1100 irater
1624 1045 1700 1115 ejus,
1709 1044 1853 1114 exhibuit,

148 1135 283 1207 rationis,
299 1134 380 1205 quasi
393 1133 429 1188 ab
441 1133 529 1204 impio
544 1132 660 1188 domino
676 1132 802 1201 liberati,
818 1130 971 1187 victuriani
1028 1133 1056 1189 in
1073 1147 1129 1203 qua
1145 1147 1234 1203 super
1248 1137 1366 1191 eeteros
1379 1138 1513 1205 surnptus
1524 1132 1581 1189 duo
1592 1132 1671 1189 milia
1683 1133 1812 1206 piscium
1826 1139 1853 1188 et

147 1220 498 1293 celebrarent-(tirso.)
514 1220 643 1290 lgualius
654 1220 815 1275 Antioohiae
826 1217 973 1275 sccundus
1028 1225 1139 1293 septem
1153 1220 1230 1277 milia
1243 1221 1431 1278 avicellorum
1442 1219 1476 1255 '¹’
1488 1221 1621 1293 apposita
1637 1226 1719 1278 eunt.
1738 1221 1853 1277 {nterim

148 1311 304 1369 ordinatur
313 1309 481 1382 episcopus,
492 1323 557 1364 cum
569 1323 633 1364 eum
647 1307 823 1380 precesserit
834 1306 971 1364 Evodius.
1028 1310 1222 1380 Vespasianus
1231 1309 1450 1366 Hierosolimam
1459 1308 1607 1381 obsidens,
1620 1309 1723 1367 audita
1736 1310 1854 1367 Neronis

188 1409 271 1457 Galba.
1029 1401 1133 1467 morte,
1145 1413 1160 1453 a
1173 1397 1316 1453 militibus
1331 1397 1491 1469 imperator
1504 1402 1623 1455 creatus
1637 1402 1697 1454 est.
1715 1397 1799 1465 Quod
1809 1412 1854 1454 au-

183 1492 227 1544 aa.
246 1487 296 1556 (H.
313 1489 365 1558 m.)
383 1488 464 1541 Anno
480 1484 636 1541 boniinieae
652 1483 861 1540 incarnationis
875 1487 919 1552 71,
937 1483 972 1538 ab
1029 1484 1113 1541 diens
1127 1484 1273 1549 Vitellius,
1290 1485 1438 1555 Sabinum,
1457 1485 1576 1543 tratrem
1590 1485 1777 1558 Vespasiani,
1792 1502 1853 1544 cum

148 1578 226 1636 Urbe
242 1589 311 1632 vero
326 1574 443 1632 condita
455 1578 516 1642 ιιι,
530 1572 628 1642 Galba,
646 1571 856 1643 antiquissima
871 1568 986 1626 nobili·¹
1030 1571 1130 1630 multis
1146 1571 1212 1629 aliie
1226 1573 1253 1628 in
1270 1573 1413 1644 capitolio
1431 1574 1549 1631 incenso
1565 1575 1728 1631 interiecit.
1744 1574 1852 1632 Under

148 1665 221 1721 tatis
241 1667 371 1731 senator,
394 1662 429 1718 de
450 1660 643 1732 Sulpiciorum
662 1674 769 1730 genere
790 1659 971 1731 progenitae,
987 1691 1015 1754 Β
1031 1662 1173 1719 militibus
1188 1661 1355 1733 Vespasiani
1368 1663 1422 1719 sub
1433 1663 1524 1718 muris
1534 1661 1620 1719 Urbis
1636 1660 1742 1721 babitu
1756 1662 1852 1737 pretio

147 1768 213 1811 oum
226 1751 473 1825 septuagesimum
483 1749 606 1805 tercium
618 1753 736 1820 gereret
747 1748 843 1805 aetatie
855 1761 971 1814 annum,
1029 1755 1197 1822 superatus,
1209 1765 1275 1807 cum
1287 1750 1315 1806 in
1327 1750 1471 1822 quandam
1482 1749 1617 1809 cellulam
1632 1752 1748 1824 palatio
1763 1752 1853 1824 prori-

148 1841 184 1898 ab
197 1841 340 1913 llpspanis
350 1837 478 1895 etGallis
488 1838 610 1906 electus,
621 1852 688 1893 mox
699 1837 881 1893 abuniverso
892 1850 974 1892 exer·
1031 1852 1104 1894 mam
1129 1852 1161 1894 ee
1185 1838 1392 1908 contrusisset,
1419 1839 1546 1910 turpiter
1575 1839 1642 1895 inde
1673 1845 1852 1911 protractus,

147 1930 209 1987 citu
222 1929 349 1984 libenter
360 1927 518 1998 imperator
530 1929 682 1997 acceptus,
695 1925 793 1981 statim
807 1929 837 1980 ιιι
850 1925 973 1981 Neronis
1029 1925 1137 1982 vinetis
1160 1932 1229 1997 post
1252 1931 1367 1996 tergum
1393 1927 1537 1997 manibus,
1557 1927 1734 1999 resupinato
1749 1929 1852 1999 eapite,

149 2021 271 2074 mortem
283 2015 405 2084 audivit,
417 2016 535 2070 Romam
552 2013 640 2083 venit,
659 2017 820 2082 sextusque
831 2012 867 2067 ab
879 2014 975 2080 Augu·
1029 2013 1127 2083 gladio
1143 2014 1178 2070 ad
1196 2019 1324 2072 rneirtum
1339 2014 1503 2086 subposito,
1518 2030 1571 2087 per
1587 2016 1683 2073 lorum
1696 2015 1735 2073 ad
1747 2023 1856 2090 speeta-

148 2108 194 2164 sto
206 2105 356 2161 mensibus
367 2105 384 2158 7
396 2102 537 2172 regnavit.
557 2101 769 2172 llujusprivata
781 2100 840 2157 vita
851 2099 974 2169 insignis
1029 2100 1127 2159 cuturn
1145 2100 1224 2173 vulgi
1239 2103 1371 2170 ducitur;
1391 2102 1550 2174 multisque
1566 2102 1681 2162 firmum
1699 2108 1730 2162 et
1746 2119 1854 2163 omnum

149 2195 203 2253 luit
215 2192 392 2250 militaribus
403 2196 434 2247 et
444 2190 581 2246 civilibus
592 2191 694 2254 rebus;
711 2203 780 2259 sepe
792 2188 845 2244 luit
857 2187 974 2253 consul;
1031 2190 1058 2246 in
1076 2190 1177 2246 taciem
1188 2190 1251 2261 ejus
1263 2191 1459 2262 mittentibus,
1475 2192 1595 2248 minutis
1605 2192 1719 2250 ictibus
1729 2194 1856 2251 excarni-

150 2297 221 2355 eepe
233 2279 402 2355 proconsul,
414 2293 483 2352 sepe
495 2278 554 2335 dux
563 2279 590 2334 in
600 2277 783 2348 gravissimis
795 2276 891 2344 bellis
903 2275 975 2332 mili·
1031 2278 1144 2350 beatus,
1161 2294 1236 2336 unco
1247 2279 1313 2337 inde
1323 2280 1452 2336 trabitur
1463 2284 1493 2337 et
1504 2280 1532 2336 in
1542 2280 1676 2351 Tyberim
1692 2282 1853 2354 proiieitur,
1885 2276 1891 2287 '

151 2377 209 2428 tem
226 2385 310 2427 suum
322 2370 362 2424 itu
374 2367 559 2425 severissime
574 2371 714 2436 tractans,
732 2369 773 2435 ut,
791 2365 924 2435 ingresso
939 2378 974 2419 eo
1029 2381 1104 2424 anne
1131 2367 1228 2424 aetatis
1243 2373 1300 2431 57⁰,
1320 2368 1431 2440 imperii
1456 2372 1552 2425 autem
1577 2384 1676 2427 mense
1692 2374 1735 2428 8⁰.
1754 2369 1853 2441 (liram)

150 2460 179 2517 in
195 2463 302 2529 caetra,
319 2457 469 2513 diceretur
490 2455 589 2511 statim
609 2455 645 2510 ab
665 2452 759 2510 altero
775 2451 811 2509 ad
826 2452 950 2510 alterum
967 2471 973 2510 :
1031 2456 1064 2510 lli
1080 2460 1142 2513 tres
1158 2463 1225 2528 poet
1240 2457 1381 2513 Neronem
1402 2462 1562 2529 rapuerunt
1583 2457 1753 2531 imperium,
1770 2459 1852 2516 Galba

148 2549 238 2608 eirca
251 2546 397 2615 militare,
412 2543 510 2602 Gella
523 2542 613 2614 eruit,
629 2557 688 2598 rcere
706 2539 868 2600 Getulicue.
885 2541 976 2613 impe·
1031 2543 1059 2598 in
1075 2544 1230 2616 llyspania,
1248 2560 1305 2615 quo
1323 2544 1431 2602 missus
1445 2550 1508 2603 erat
1524 2560 1589 2602 eum
1605 2548 1754 2619 exercitu,
1771 2547 1853 2605 Ottbo

151 2636 226 2695 rium
243 2650 314 2692 vero
330 2632 465 2704 adeptus,
481 2646 545 2687 oum
561 2630 696 2688 avaricia
709 2631 781 2687 vitio
792 2629 975 2700 segnitiaque
1030 2633 1137 2703 llomae,
1150 2632 1284 2691 Vitellius
1295 2633 1324 2690 in
1335 2633 1497 2703 Germania,
1510 2642 1771 2708 regnaveruntque
1784 2651 1852 2692 anuo

150 2738 253 2783 omnes
263 2721 437 2790 offenderet,
447 2720 581 2776 Pisonem
591 2718 734 2789 quendam
744 2716 868 2774 nobilem
879 2716 976 2775 adole·
1031 2734 1088 2779 uno
1103 2726 1132 2778 et
1149 2722 1298 2780 mensibus
1312 2737 1373 2779 sex.
1390 2753 1425 2764 -
1440 2723 1600 2781 Antiochiae
1616 2723 1769 2784 secundus
1782 2725 1851 2781 ordi·

151 2815 282 2871 scentem
294 2810 322 2867 in
336 2807 426 2866 lilium
438 2821 617 2878 regnumque
629 2805 794 2878 adoptavit;
807 2806 975 2878 ipscautem
1031 2816 1117 2868 natur
1132 2810 1289 2882 epiecopus
1304 2812 1444 2882 ignatius.

150 2893 977 2972 menseseptimoinmediollomanaeurbislorodeeolle·
1030 2907 1255 2972 annitesprsianr.

151 2992 200 3049 tus
220 2992 276 3060 est,
299 2987 413 3045 insidiis
432 2983 582 3056 cujusdam
601 2982 748 3052 Ottbonis,
765 2983 813 3054 qui
830 2988 896 3056 post
910 2997 974 3040 eum
1067 2990 1150 3044 Anno
1159 2989 1315 3048 [lominica
1327 2990 1538 3049 iucarnationis
1548 2996 1592 3063 72,
1602 2994 1639 3050 ab
1649 2992 1730 3052 Urbe
1740 2994 1850 3053 condita
1891 3048 1893 3063 ,

151 3078 278 3152 arripuit
304 3090 426 3148 regnum
450 3074 497 3145 (cl.
514 3074 601 3132 Onos.
618 3087 667 3144 vu,
682 3077 699 3129 8
714 3072 753 3129 H.
770 3074 832 3146 nu).
991 3046 1093 3134 0822.
1109 3076 1306 3150 Vespasianus
1318 3080 1345 3136 in
1356 3078 1484 3137 ludaeam
1495 3095 1511 3136 a
1523 3083 1635 3139 Nerone
1646 3084 1852 3141 eumexercitu
1893 3119 1894 3135 ι

155 3238 159 3245 g
185 3178 268 3229 ortuo.
1032 3165 1150 3236 missus,
1165 3172 1315 3239 comperta
1327 3174 1420 3225 morte
1431 3168 1563 3241 Neronis,
1575 3170 1611 3227 ab
1621 3173 1758 3230 exercitu
1772 3173 1851 3244 impe-

188 3257 294 3314 Lucius
320 3254 420 3323 ottho,
445 3252 551 3311 occisis
578 3250 668 3308 Galba
683 3256 713 3308 et
728 3251 843 3320 Pisone,
870 3250 975 3308 invasit
1032 3259 1114 3313 rator
1129 3254 1269 3322 efficitur;
1291 3257 1472 3330 dimissoque
1485 3258 1548 3315 Tito
1567 3258 1627 3316 lllio
1643 3274 1701 3318 suo
1717 3260 1746 3318 in
1760 3261 1853 3319 ludar

153 3343 307 3418 imperium
328 3344 533 3411 Romanorum,
553 3344 636 3397 ortus
651 3355 688 3396 ex
703 3340 791 3411 opido
813 3340 977 3412 Ferentino,
1034 3343 1267 3401 abobeideodam
1277 3344 1852 3420 llierosoliniam,ipseperalexandrian

153 3439 286 3491 materno
301 3444 408 3501 genere
424 3429 551 3486 nobilior
566 3444 650 3500 qnam
666 3434 799 3500 paterno,
816 3434 921 3486 neutro
938 3436 978 3486 ta·
1034 3432 1184 3506 proiectus
1199 3439 1244 3490 est
1259 3435 1387 3504 Romam,
1405 3435 1464 3506 ubi,
1482 3442 1604 3507 accepto
1620 3436 1758 3510 imperio,
1773 3440 1854 3512 septi·

153 3535 218 3580 men
233 3521 376 3588 obseuro;
391 3518 419 3573 in
433 3517 548 3589 privata
559 3517 619 3573 vita
631 3516 737 3587 mollis,
753 3517 935 3588 maximeque
949 3517 978 3573 in
1034 3536 1099 3578 mus
1123 3522 1197 3593 (aad)
1222 3523 1258 3579 ab
1282 3524 1424 3594 angusto,
1440 3525 1572 3595 regnavit
1589 3525 1675 3583 annis
1690 3528 1723 3591 9;
1737 3528 1853 3587 obscure

154 3608 352 3669 adolescentia
366 3606 460 3679 turpis
471 3612 501 3662 et
511 3604 674 3663 Neronie⁵¹⁸
681 3605 843 3677 familiaris,
853 3605 882 3663 in
892 3606 980 3677 impe·
1035 3609 1152 3681 quidem
1165 3616 1252 3668 natue
1268 3611 1318 3680 (Η.
1330 3626 1368 3668 m.
1382 3616 1410 3669 et
1422 3612 1462 3668 Η.
1476 3612 1537 3684 Iti,
1553 3612 1604 3671 eed
1619 3613 1662 3670 vir
1672 3614 1854 3674 militurivir·

153 3699 198 3757 rio
208 3712 277 3757 vero
286 3695 492 3754 documentum
501 3694 546 3751 eui
556 3707 612 3751 non
623 3693 717 3765 potuit
729 3693 895 3751 ostendere.
910 3693 979 3752 Nam
1035 3702 1099 3757 tute
1115 3699 1272 3772 precipuus
1283 3705 1312 3755 et
1325 3697 1444 3771 optimis
1454 3699 1679 3773 comparandus,
1692 3707 1799 3776 utpote
1812 3705 1853 3777 qni

153 3801 220 3846 eum
231 3785 345 3842 hisdem
357 3781 754 3855 temporibusquibusOttbo
763 3782 882 3839 Galbam
891 3782 925 3818 ⁸¹⁸
933 3797 981 3841 oe.
1036 3802 1052 3843 a
1070 3787 1190 3846 Claudio
1205 3787 1313 3845 missus
1328 3787 1357 3843 in
1373 3790 1564 3859 Germaniam,
1583 3790 1691 3848 deinde
1706 3792 1735 3849 in
1751 3793 1853 3851 Britan·

153 3880 277 3951 eiderat,
288 3878 376 3935 etiam
385 3876 731 3934 VitelliusaGermanicie
742 3876 982 3935 exercitibueim·
1036 3877 1112 3934 nium
1122 3873 1166 3947 ⁸³⁰,
1179 3876 1280 3934 tricies
1294 3880 1324 3933 et
1341 3877 1386 3932 bis
1397 3892 1462 3934 cum
1477 3877 1562 3936 hoste
1576 3878 1710 3937 condixit
1726 3881 1853 3940 multum·

155 3971 275 4044 perator
284 3967 379 4024 laetus
390 3969 478 4036 esset,
491 3963 598 4021 bellum
610 3967 712 4022 eontra
723 3964 871 4022 Vitellium
883 3978 983 4023 susee-
1037 3979 1092 4037 que
1106 3966 1234 4024 Romano
1250 3966 1376 4038 imperio
1391 3965 1506 4035 adiecit.
1523 3967 1575 4024 llio
1585 3967 1614 4024 in
1625 3968 1753 4041 imperio
1767 3969 1853 4029 mode

154 4063 216 4132 pto,
234 4057 330 4114 tribue
345 4054 459 4112 levibus
480 4053 590 4126 praeliis
612 4053 701 4111 Ottbo
715 4051 749 4087 ¹¹⁷
762 4054 858 4111 victor
871 4053 981 4140 extitit,
1037 4058 1100 4110 rate
1114 4067 1146 4110 se
1161 4052 1260 4124 gessit.
1276 4055 1356 4110 inter
1369 4058 1469 4112 cetera
1482 4069 1606 4128 namque
1621 4056 1699 4115 bona
1714 4059 1854 4130 bancgra·

154 4162 212 4206 uno
227 4145 304 4220 apud
315 4143 413 4216 Alpes,
427 4141 484 4200 alio
496 4142 575 4201 eirca
585 4140 775 4212 Placentiam,
791 4142 884 4200 tercio
900 4143 982 4200 cirea
1038 4143 1107 4200 tiam
1123 4141 1234 4213 babuit,
1252 4145 1283 4200 ιιι
1299 4142 1471 4201 inimiciciae
1487 4144 1515 4201 in
1530 4145 1619 4202 corde
1634 4160 1694 4205 non
1710 4149 1852 4213 retineret,

153 4251 250 4311 lecum
261 4248 346 4305 quem
359 4234 495 4289 Castores
508 4235 630 4299 vocant3
647 4234 830 4302 quartorum
843 4231 920 4302 apud
932 4231 983 4287 Be·
1038 4232 1068 4288 in
1078 4235 1191 4289 tantum
1203 4235 1234 4288 ut
1246 4231 1334 4289 liliam
1345 4232 1471 4305 predicti
1485 4233 1594 4292 Vitellii
1607 4234 1718 4294 inimici
1729 4238 1788 4309 eui,
1803 4251 1854 4295 mu·

154 4325 280 4394 priscum
293 4324 322 4380 in
338 4321 422 4380 ltalia
436 4319 532 4377 victus
547 4323 628 4376 esset
644 4318 701 4376 levi
718 4319 830 4391 praelio,
847 4319 982 4390 ingentes
1040 4319 1088 4377 llis
1102 4318 1231 4377 dotatam
1252 4319 1374 4394 divitiis,
1395 4321 1578 4381 nobilissimo
1598 4324 1735 4383 traderet
1748 4327 1853 4384 marito.

152 4417 251 4471 tamen
266 4410 366 4482 copiae
382 4409 494 4466 babens
504 4407 541 4464 ad
551 4405 669 4479 bellum,
683 4413 786 4480 sponte
802 4412 895 4464 semet
905 4407 982 4466 ocei-
994 4400 1023 4467 b
1037 4407 1090 4466 llic
1103 4423 1169 4466 cum
1181 4407 1216 4466 ab
1227 4410 1328 4468 amieis
1342 4410 1555 4470 moneretur⁸¹¹
1566 4416 1597 4470 ut
1609 4417 1729 4473 caveret
1746 4416 1855 4474 sealt·

154 4500 207 4573 dit,
220 4503 268 4557 380
278 4496 375 4556 aetatis
390 4510 465 4556 anno
480 4499 639 4567 transacto,
651 4499 700 4553 95⁰
710 4496 822 4569 imperii
834 4495 891 4569 die,
903 4495 982 4555 soili-
1038 4498 1126 4555 metio
1153 4498 1356 4571 Pompusiano,
1370 4499 1405 4556 de
1417 4515 1475 4572 quo
1487 4516 1581 4559 sermo
1596 4501 1778 4574 vulgabatur
1788 4502 1854 4576 quud

153 4592 202 4650 oet
217 4601 317 4648 mense
332 4590 373 4645 ιι.
392 4584 443 4642 llic
459 4584 588 4657 propriis
607 4583 750 4644 militibus
769 4590 829 4642 tam
848 4584 980 4644 amabilis
1038 4587 1474 4660 regnaturuseeset,consulem
1486 4589 1567 4646 illum
1579 4590 1856 4662 lecit,alludonstrlt

153 4679 220 4752 luit,
237 4683 271 4739 ut
285 4675 428 4751 plerique,
453 4677 518 4732 viso
540 4674 604 4745 ejus
628 4689 753 4748 corpore
778 4672 980 4747 mortuusis
1036 4674 1142 4732 cavillo
1158 4694 1165 4730 ε
1183 4674 1306 4742 Quando
1324 4690 1449 4749 reguum
1462 4679 1614 4750 coemerit
1626 4679 1715 4749 ,tatic
1730 4678 1857 4755 lumi

153 4768 288 4828 manibus
303 4764 470 4824 interirent.
1034 4776 1140 4822 menter
1154 4764 1220 4823 erit.
1236 4763 1352 4821 Talibus
1367 4779 1435 4837 eepe
1449 4765 1549 4823 verbis
1560 4765 1748 4837 jocularibus
1763 4770 1859 4828 amieo

188 4867 310 4919 usurum.
1034 4866 1097 4913 rum
1115 4853 1172 4911 iras
1188 4853 1325 4925 placavit.
1353 4853 1481 4926 Cumque
1505 4854 1624 4913 Romam
1643 4856 1796 4917 incendiis
1808 4859 1860 4918 rui·

189 4946 337 5020 Vitellius,
349 4945 468 5005 Romam
479 4942 575 5003 victor
585 4943 745 5019 ingressus,
754 4946 918 5006 viRomauo
930 4960 979 5019 po-
1034 4942 1138 5016 nisque
1148 4942 1301 5002 veteribus
1312 4941 1485 5000 destitutam
1498 4949 1660 5019 repararet,
1672 4959 1709 5005 rc
1718 4946 1861 5007 multare

847 5063 966 5120 VARIAE
990 5060 1187 5120 LEGTIONES.

188 5168 262 5228 ωε.
279 5169 403 5229 dictet.
420 5173 460 5228 90.
498 5166 672 5229 l“beronis
693 5181 769 5230 cerr.
794 5168 896 5227 neroni
920 5173 959 5227 tr.
985 5169 1086 5228 neroni
1110 5166 1149 5228 lb.
1188 5166 1223 5206 ⁸¹⁸
1236 5170 1352 5244 galbam
1375 5165 1460 5232 ottho
1483 5178 1509 5231 tt.
1550 5172 1584 5210 '¹'
1599 5172 1671 5233 otho
1696 5174 1782 5237 cedd
1798 5175 1860 5237 ut

154 5239 194 5279 ⁸¹⁸
208 5242 340 5302 domim.
378 5238 580 5300 ⁸¹·nvinmrb.
599 5247 641 5300 tl.
679 5239 959 5300 ⁸¹⁰brittbauiamlt.
999 5239 1034 5276 ⁸¹¹
1043 5242 1224 5316 perpetiit.

947 5346 1058 5407 ΝΜ.

154 5435 315 5575 eulmen
328 5435 376 5498 bis
388 5437 521 5499 numeris
534 5435 724 5499 sumimus
736 5435 881 5511 deinceps
895 5436 1101 5511 flimoupmuu
1116 5435 1264 5512 sequitur,
1277 5449 1315 5496 ex
1331 5437 1494 5511 quostiam
1511 5437 1594 5516 mgni
1607 5445 1744 5503 tuamet
1756 5457 1853 5504 mense
