3788 6000
129 192 189 258 sar
625 218 632 241 .
706 181 945 247 sumniam
966 150 1242 249 unluemnsrs
1770 181 1834 243 see

132 315 950 395 titudiuepersensit,muriobiceposterioratutatnsoon-
965 313 991 374 Α
1007 317 1062 382 ret,
1079 313 1115 368 ad
1131 314 1230 370 urbem
1247 313 1401 386 quandam,
1416 311 1463 370 cui
1480 310 1598 371 ambira
1621 324 1674 367 rex
1696 313 1831 382 preerat,

132 410 409 469 trariosiaeiliuseo
428 421 521 478 usque
537 405 784 475 sustinuit,donec
808 401 951 474 perfossis
1007 402 1149 473 pervenit,
1159 403 1210 459 sed
1223 401 1610 474 inexpugnationeeivitatis
1622 413 1754 468 maguam
1767 413 1834 468 par-

132 501 224 558 mnris
235 499 330 556 omnis
345 496 494 553 exercitus
505 493 679 564 ingreditur.
697 495 727 548 ln
742 507 775 547 eo
794 489 893 562 praelio
908 504 952 545 sa·
1006 493 1064 546 tem
1077 497 1227 547 exercitus
1237 492 1488 563 sagittisbostiunr
1500 504 1611 547 veneno
1624 489 1707 544 illitis
1719 488 1831 553 amisit;

130 590 206 659 gitta
222 589 276 645 sub
291 600 411 643 mamma
425 583 577 653 trajectus,
595 582 652 638 lixo
676 595 752 651 genu
763 583 884 635 eatenus
901 593 952 648 pu·
1007 581 1036 633 at
1051 583 1118 649 post
1132 580 1220 635 herba
1235 595 1289 650 per
1299 579 1503 636 somniumsibi
1515 582 1674 634 ostensaet
1687 577 1714 632 iu
1728 580 1831 648 potum

130 676 242 749 gravit,
258 674 350 732 donec
362 688 438 742 eum,
456 665 949 743 aquovulneratnsest‚occideret.
1007 665 1114 721 sauciis
1129 666 1206 736 data,
1225 682 1290 724 cum
1307 666 1651 738 reliquissubveuiretur‚
1669 665 1831 722 urbemex-

132 760 508 822 ludeconseensisnavibus
523 757 695 815 eumoeeani
712 756 799 813 litora
818 768 951 826 peragra—
1006 754 1156 824 pugnauit.

414 858 468 918 bu
489 854 756 917 MIRABILIBUS
779 852 888 923 QUAS
909 849 1163 912 ALEXANDER
1184 853 1344 914 VIDISSE
1367 853 1541 913 DICITUR.

168 961 198 1016 ln
214 958 259 1014 bis
274 972 344 1027 ergo
356 955 510 1011 itineribus
525 968 588 1023 quse
604 955 747 1022 etquanta
758 947 949 1022 pertuleritet
1005 960 1072 1004 area
1084 952 1112 1004 et
1132 963 1212 1005 mare
1224 951 1300 1007 sicut
1315 951 1404 1007 draco
1417 964 1525 1019 gyrans
1548 963 1621 1005 eam.
1639 949 1741 1005 llivina
1759 964 1828 1007 vero

132 1061 218 1120 quam
233 1044 362 1101 miranda
374 1041 663 1115 conspexerit,.ipse,
677 1044 707 1095 ut
726 1040 829 1107 fertur,
842 1036 876 1093 ad
893 1051 951 1090 ma·
1005 1036 1102 1093 virtus
1118 1039 1427 1110 obumbransgripbes
1437 1037 1553 1109 dejecit,
1571 1053 1621 1095 cos
1637 1039 1664 1093 in
1677 1042 1789 1094 terram
1801 1039 1828 1093 in

131 1138 205 1190 trem
215 1146 296 1189 suam
309 1129 506 1202 Olympiadem
515 1128 722 1197 etrnagistrum
743 1141 826 1182 suum
839 1123 951 1180 Aristo·
1006 1125 1071 1182 loeo
1086 1127 1243 1198 campestri
1256 1127 1341 1197 longe
1352 1128 1388 1183 ab
1398 1128 1530 1183 exercitu
1543 1127 1647 1183 itinere
1660 1126 1831 1183 dieromde·

131 1221 211 1277 tilem
228 1219 341 1289 scribit,
352 1217 388 1273 de
400 1216 611 1288 quibusaliqun
620 1215 657 1270 ob
669 1212 893 1270 delectationem
903 1225 952 1265 no·
1006 1228 1069 1270 cem
1084 1214 1208 1279 ;uollam
1221 1219 1317 1271 tamen
1329 1214 1616 1271 lesionemsustinuit
1627 1214 1794 1271 Alexander
1803 1216 1829 1270 in

130 1309 208 1365 ticiae
223 1321 319 1363 rerum
348 1305 524 1361 mirabilium
535 1303 694 1360 breviando
716 1299 950 1374 perstringimus,
1006 1301 1222 1370 cancellisillis,
1238 1302 1381 1359 comiorti
1398 1302 1613 1372 veroangustia
1636 1301 1758 1371 junctus
1785 1307 1830 1357 est

131 1389 781 1464 ceterumveritatemipsarumrerumjudicio
793 1387 951 1457 legentium
1008 1389 1151 1446 militibus
1166 1390 1330 1457 suis.Quem
1347 1390 1482 1446 videntes
1497 1389 1590 1445 laetati
1617 1395 1696 1458 sunt,
1720 1388 1831 1446 collan-

131 1483 332 1553 relinquimus.
347 1481 439 1551 (Hier.
452 1481 537 1538 Alea.
549 1482 577 1534 t.
590 1480 686 1534 Bamb.
702 1478 719 1533 t.
746 1478 821 1548 216.)
843 1473 951 1530 Scribit
1008 1476 1112 1534 dantes
1127 1479 1401 1535 cumlterumveuit
1414 1479 1440 1534 in
1455 1494 1505 1534 eor
1516 1479 1630 1548 ejus‚ut
1644 1484 1831 1533 mensuraret

131 1571 229 1642 itaque
242 1571 277 1626 ad
294 1573 415 1626 matrem
428 1583 520 1638 suam,
537 1568 602 1639 qnia
617 1581 682 1623 curn
699 1566 792 1622 adhue
817 1564 845 1618 in
863 1562 952 1632 Baby·
1008 1566 1182 1636 protundum
1199 1567 1295 1631 maris,
1312 1568 1484 1637 vocavitque
1499 1564 1663 1635 astrologos
1671 1570 1700 1622 et
1716 1579 1831 1634 geome-

131 1656 209 1714 lonia
225 1659 396 1729 priusquam
407 1655 600 1726 egrederetur
617 1654 652 1710 de
671 1658 750 1710 terra
764 1651 822 1721 illa,
836 1658 898 1706 erat
912 1650 950 1705 ibi
967 1616 993 1677 B
1008 1653 1110 1723 tricos,
1127 1655 1294 1726 precipiens
1306 1655 1348 1711 eis
1360 1655 1529 1711 utsacerent
1541 1654 1596 1709 sibi
1607 1652 1760 1710 vasculum
1772 1654 1830 1709 tale

131 1746 385 1816 mulierquaedam,
398 1744 585 1816 quaepeperit
597 1742 697 1811 dlirrm,
709 1741 803 1812 quiab
816 1738 952 1795 umbilico
1009 1741 1037 1797 in
1053 1757 1109 1812 quo
1123 1749 1222 1814 posset
1233 1743 1262 1798 in
1291 1743 1465 1814 profundum
1488 1742 1574 1798 maris
1598 1743 1781 1799 descendere
1801 1749 1830 1798 et

127 1828 161 1891 ‘et
177 1850 292 1892 sursum
306 1839 370 1891 erat
385 1837 416 1890 ut
430 1834 523 1899 bomo,
537 1833 673 1888 deorsum
685 1836 781 1887 autem
791 1833 855 1885 erat
867 1829 953 1884 utbc-
1009 1830 1224 1901 mirabilisque
1236 1832 1276 1886 ibi
1289 1835 1355 1887 sunt
1378 1831 1555 1903 perspicere.
1579 1831 1632 1897 Qui
1664 1830 1805 1887 dixerunt
1823 1848 1828 1883 ι

130 1923 187 1979 stia
203 1922 424 1980 similitudinem
436 1921 647 1977 habenseanis.
669 1918 723 1986 Qui
744 1933 808 1975 eum
825 1917 953 1988 peperis-
1008 1920 1081 1977 Fiat
1094 1920 1513 1991 doliosotoeitreusetlipetnr
1533 1919 1656 1989 cotecis,
1672 1919 1703 1976 et
1723 1920 1835 1993 repant

131 2017 187 2081 set,
216 2011 367 2082 cooperuit
384 2024 448 2066 eum
461 2009 641 2079 adduxitque
678 2006 841 2063 Alexandro
879 2006 950 2077 regi,

132 2098 315 2169 mundonem,
325 2097 601 2155 utlieeretsibicum
613 2112 648 2154 co
665 2100 780 2152 secrete
790 2094 952 2164 loquiQuae

131 2204 196 2245 cum
208 2187 478 2244 voeataveniretait
491 2186 685 2253 ;.lobeomnea
696 2186 789 2255 entre,
810 2185 953 2242 aceretem

131 2275 657 2345 dobenindicoretihi.Omnibnsergo
665 2273 881 2341 recedentibus,
896 2270 951 2327 dis·

131 2363 303 2436 cooperiens
321 2363 493 2420 infantulum
507 2363 680 2419 monstravit
702 2363 738 2418 ei.
752 2360 951 2428 Quernvidens

132 2452 384 2522 ren,miratusest,
397 2466 468 2508 voca
484 2448 950 2522 toqueariolo‚interrogaviteum

1008 2021 1073 2065 eum
1086 2007 1366 2079 militessortissimi
1374 2007 1608 2064 iasubmitteedo
1618 2007 1829 2064 etredaeeedo.

1009 2097 1068 2151 lloc
1084 2096 1185 2152 andito
1202 2097 1376 2161 Alexander,
1392 2082 1523 2168 precepit
1547 2095 1615 2151 talia
1631 2095 1706 2158 deri,
1724 2100 1754 2151 et
1780 2094 1830 2151 tali

1008 2184 1094 2241 modo
1111 2185 1283 2256 perquirens
1297 2184 1471 2256 protundum
1495 2184 1593 2254 maris,
1609 2183 1682 2240 vidit
1697 2183 1831 2240 diversas

1010 2272 1498 2343 ligurasdiversicolornmpiscium
1509 2272 1631 2342 etquasi
1643 2273 1831 2328 terrestrium

1007 2361 1173 2417 animalium
1188 2360 1463 2431 profundummaris
1479 2360 1700 2430 ambulantium,
1727 2359 1831 2417 multa-

1008 2463 1064 2519 que
1081 2464 1144 2518 quae
1161 2449 1218 2505 dici
1237 2464 1292 2504 non
1310 2453 1445 2520 possunt.

21 2531 28 2543 ’
132 2539 200 2610 quid
221 2540 485 2610 bocportenderet.
507 2537 862 2610 Quisuspiransdixitzo
886 2549 950 2605 ree,

1044 2537 1160 2608 (Eped
1175 2537 1339 2594 aristeod.
1354 2537 1451 2592 Bamb.
1470 2535 1583 2609 laad.)
1601 2538 1763 2609 Postquam
1783 2551 1832 2593 au·

131 2625 504 2700 appropinquassemus
512 2627 735 2696 trccmetceeom
743 2625 836 2681 deboc
844 2624 949 2681 seculo.
1008 2628 1065 2680 tem
1077 2625 1156 2680 venit
1168 2626 1196 2680 in
1211 2625 1362 2680 Persidem
1372 2629 1400 2679 et
1418 2624 1565 2680 interfecit
1587 2625 1704 2681 barium
1731 2639 1831 2695 regern

132 2715 425 2786 Medietereorporte
433 2713 751 2785 pectoreimpectore
764 2713 904 2781 bominis,
920 2713 953 2767 tu
1007 2727 1104 2768 mense
1119 2713 1200 2782 Maio,
1216 2717 1246 2768 ut
1259 2714 1320 2784 ipsc
1332 2713 1472 2782 magistro
1489 2727 1542 2769 sno
1553 2712 1705 2769 aristoteli
1714 2713 1829 2781 scribit,

133 2816 174 2873 es,
182 2816 255 2873 pora
270 2802 463 2863 andernense
471 2801 634 2859 intestines
656 2802 788 2858 domines
809 2802 882 2858 sect
898 2801 953 2871 qai
1008 2800 1173 2872 subjugavit
1189 2802 1243 2857 sibi
1258 2816 1369 2856 onlnem
1400 2807 1509 2856 terram
1535 2800 1625 2872 illius,
1642 2804 1670 2858 et
1687 2801 1787 2873 posuit
1803 2802 1830 2857 in

126 2889 363 2963 postteeenient.
377 2889 859 2958 audienslraeedlexander‚tristis
869 2887 953 2944 effec·
1008 2889 1166 2960 provinciis
1177 2889 1299 2945 orientis
1310 2904 1380 2945 suos
1395 2890 1563 2959 honoratos,
1576 2893 1604 2945 et
1636 2889 1743 2946 divites
1760 2890 1829 2946 laeti

132 2983 245 3050 tusest,
258 2983 286 3034 et
302 2978 395 3034 dixit:
412 2981 598 3051 oJcppiter,
616 2979 747 3050 oportuit
773 2978 894 3049 quidem
919 2962 992 3034 etc
1008 2982 1077 3034 sunt
1091 2991 1200 3033 omnes.
1216 2979 1311 3033 ltenso
1324 2982 1420 3033 antem
1435 2977 1512 3033 lulio
1525 2977 1689 3048 deficiente,
1706 2978 1787 3035 veuit
1803 2978 1831 3033 in

131 3067 302 3125 diesobites
314 3068 372 3124 mei
387 3069 505 3140 topace
513 3068 669 3140 statutor,
684 3067 720 3124 et
732 3066 785 3124 boe
801 3065 953 3137 quodpro-
1008 3064 1117 3121 ludiam
1134 3067 1282 3135 Fasiaceu,
1292 3064 1684 3135 ubienmmagnaceleritate
1702 3066 1833 3124 vieitPo·

129 3157 426 3228 precepersteereter,
441 3156 577 3226 sedec-io
588 3155 815 3227 ttotrtcptacet
837 3156 954 3225 suscipe
1009 3169 1072 3211 rum
1084 3168 1182 3224 regem
1194 3154 1613 3225 multasquedivitiasinvenit.
1628 3155 1831 3226 apprehendit

132 3256 178 3299 me
194 3244 288 3301 tecum
301 3243 508 3299 emmeramni.
1008 3243 1084 3300 enirn
1103 3244 1252 3300 civitatem
1269 3244 1434 3315 ipsiusl‘ori
1451 3248 1479 3299 et
1492 3242 1608 3299 domum
1622 3243 1686 3314 ejus
1702 3245 1833 3315 magnid-

168 3330 209 3400 (Γ.
226 3332 301 3402 tlt.)
319 3331 488 3387 coadunato
503 3335 600 3386 autem
617 3330 724 3402 populo
740 3344 803 3401 suo,
833 3329 954 3398 exiit‚et
1009 3348 1083 3403 eam,
1100 3333 1195 3403 inqua
1212 3334 1329 3389 luerunt
1341 3332 1563 3403 quadringente
1575 3331 1718 3389 columnae
1734 3348 1833 3391 aureas

132 3418 211 3475 venit
229 3417 265 3474 ad
282 3417 431 3474 columnas
448 3417 583 3488 Heraclii,
611 3433 694 3474 onam
724 3431 851 3487 auream,
883 3417 953 3472 alte·
1008 3437 1073 3491 eum
1089 3420 1354 3492 capitellisaureis,
1369 3425 1397 3475 et
1416 3420 1544 3491 parietes
1558 3421 1662 3477 domus
1682 3427 1769 3476 erant
1783 3437 1832 3479 re-

134 3519 194 3561 ram
211 3509 390 3576 argenteam,
417 3506 559 3563 babentes
574 3507 601 3561 in
630 3504 812 3577 longitudine
837 3504 953 3562 cubitos
1009 3509 1073 3565 stiti
1088 3508 1833 3580 lanriuisanreis,quaeerantgrossaeinspissitudiue

132 3592 296 3664 duodecim,
314 3593 343 3648 in
358 3593 513 3650 latitudine
530 3593 615 3651 duos.

168 3679 237 3737 inde
252 3685 411 3751 moventes,
425 3681 550 3751 ingressi
566 3686 635 3738 sunt
664 3681 812 3738 desertum
838 3681 954 3737 invene·

133 3774 260 3839 runtque
276 3768 338 3825 loca
353 3769 456 3838 frigida
472 3773 560 3840 atque
577 3770 619 3826 sic
631 3769 767 3839 obscura,
780 3773 811 3825 nt
834 3782 907 3840 peno
922 3782 953 3825 se

133 3862 235 3912 mutuo
250 3871 306 3912 non
323 3862 526 3927 agnoscerent.

169 3945 238 4001 lude
251 3943 433 4002 ambulantes
445 3959 497 4016 per
507 3950 618 4016 septem
627 3944 953 4015 dies,veneruutadtlu·

132 4033 210 4091 vium
225 4033 361 4102 calidum,
375 4033 569 4104 videruntque
581 4034 619 4088 ibi
636 4034 774 4090 mulieres
782 4037 950 4102 Amazonas,

133 4121 280 4193 speciosas
292 4121 388 4193 nimis,
406 4122 574 4192 equitantes
586 4121 949 4178 inhorridisvestimentis.

132 4216 270 4279 argentea
285 4224 363 4266 arma
376 4211 404 4265 in
421 4211 553 4266 manibus
568 4215 723 4276 tenentes;
740 4225 780 4266 aas
802 4215 898 4266 autem
921 4215 952 4266 et

1009 3597 1087 3654 sicut
1103 3602 1149 3653 est
1162 3597 1270 3667 digitus
1280 3596 1415 3666 bominis,
1426 3597 1508 3652 vinea
1521 3612 1637 3668 quoque
1647 3611 1738 3655 aurea
1748 3603 1831 3656 etra-

1008 3685 1081 3741 eemi
1098 3684 1262 3755 cristallini,
1281 3685 1386 3765 quibus
1398 3685 1581 3757 interposite
1597 3690 1681 3741 eraut
1710 3701 1832 3757 gemmae

1009 3773 1107 3843 ignite
1120 3778 1148 3829 et
1157 3775 1359 3843 smaragdinae.
1368 3773 1568 3830 Omnesetiam
1581 3773 1832 3848 mansionesque

1009 3861 1123 3917 inerant
1139 3862 1295 3931 ei,ornatae
1309 3865 1392 3917 erant
1405 3862 1440 3917 de
1461 3862 1629 3932 margaritis
1658 3866 1689 3918 et
1718 3864 1832 3920 unioni-

1009 3950 1095 4006 nibus
1110 3954 1138 4005 et
1148 3949 1346 4016 carbunculis,
1363 3956 1393 4006 et
1406 3949 1665 4019 januashabebaut
1685 3953 1722 4008 de
1740 3953 1831 4011 ebore

1009 4037 1084 4108 albo,
1102 4043 1131 4093 et
1148 4036 1294 4109 laquearia
1307 4037 1832 4111 subllxadelignoquoddiciturebe·

1008 4142 1075 4183 nura
1091 4131 1121 4182 et
1136 4127 1300 4196 estnigrunr
1309 4127 1498 4199 nasciturque
1508 4127 1660 4188 inludiael
1670 4130 1826 4203 Etbyopia,

1007 4220 1038 4271 et
1053 4230 1175 4272 camerae
1190 4224 1274 4271 crant
1291 4209 1832 4288 taeieoecypressis.n0risautemex-

133 4299 241 4356 terrum
257 4301 360 4356 ibinon
372 4299 530 4355 invenitur.
542 4301 668 4370 lungens
680 4303 777 4355 autem
790 4314 820 4354 so
837 4301 952 4354 exerei-
966 4315 992 4375 D
1008 4309 1054 4360 tra
1070 4302 1184 4360 domum
1199 4308 1280 4359 erant
1296 4309 1401 4360 statuae
1416 4304 1451 4360 de
1467 4319 1538 4360 auro
1559 4305 1701 4375 positaeet
1712 4307 1823 4379 platani

132 4392 181 4444 tus
197 4387 335 4458 adipsum
352 4388 481 4457 tluvium,
494 4388 620 4443 transire
635 4401 690 4443 non
705 4388 813 4458 potuit,
834 4388 900 4457 quia
912 4388 952 4444 la-

132 4473 227 4531 titudo
242 4478 271 4530 et
287 4474 413 4531 altitudo
424 4473 505 4530 illius
520 4487 621 4544 magna
637 4479 701 4531 erat
717 4474 812 4546 nimis,
835 4474 952 4546 plenus-

133 4575 189 4633 que
204 4567 268 4617 erat
284 4560 439 4632 reptilibus
450 4564 480 4616 et
496 4562 607 4618 bestiis.

167 4647 278 4705 abinde
293 4648 445 4705 venientes
464 4648 499 4704 ad
516 4663 595 4705 mare
611 4651 751 4721 Rubrum,
777 4650 950 4708 invenerunt

131 4741 259 4795 montem
269 4736 461 4808 nimisaltum,
475 4738 503 4793 iu
516 4752 600 4808 quem
612 4738 814 4809 ascendeutes,
823 4740 875 4796 visi
884 4746 950 4797 suot

131 4824 199 4897 aibr,
216 4827 300 4898 quasi
316 4830 415 4882 essent
434 4827 461 4882 in
475 4827 559 4883 coelo.
571 4827 714 4896 Cogitavit
726 4828 952 4885 autemlllexan·

101 4900 110 4919 ‘
130 4913 183 4972 der
198 4915 450 4986 eumamieissuis‚
466 4921 498 4972 ut
512 4915 673 4972 instrueret
684 4916 804 4987 aliquid,
821 4917 879 4973 tale
896 4932 952 4988 quo

130 5003 525 5075 possetaseeudereooelum,
543 5005 735 5077 utprobaret,
755 5004 778 5062 si
806 5011 885 5063 esset
898 5006 951 5062 boc

131 5090 237 5147 coelum
253 5093 330 5162 quod
342 5090 568 5149 videmusFecit
578 5106 648 5162 ergo
660 5092 715 5148 sibi
726 5093 825 5149 sedem
834 5094 951 5163 excogi-

132 5181 233 5248 tatam,
245 5181 273 5235 et
285 5180 506 5252 apprehendens
519 5180 638 5252 griphes
649 5180 730 5251 duos,
743 5181 892 5250 colligavit
901 5196 951 5239 eos

131 5264 254 5336 eatenis,
267 5270 297 5322 et
315 5269 518 5339 posuituectes
533 5275 600 5326 ante
616 5284 677 5341 eos,
694 5274 724 5326 et
735 5270 762 5326 in
784 5271 950 5327 summitate

131 5368 233 5412 eorum
248 5354 358 5412 cibaria
373 5356 500 5415 illorum.
510 5359 666 5431 Coeperunt
677 5359 766 5430 igitur
782 5374 951 5418 sursumas-

131 5440 950 5524 bendere,doueeterratotasibividebatursubaequasi

1008 4406 1115 4459 aureae,
1132 4391 1157 4447 ei
1174 4391 1250 4447 inter
1266 4391 1828 4462 illaserantmultageneraaucellarum

1007 4478 1204 4544 variieoloris,
1215 4479 1399 4536 ethabebant
1412 4479 1568 4550 ungulaset
1577 4485 1673 4538 rostra
1682 4482 1828 4555 inaurata,

1007 4569 1079 4624 etin
1105 4565 1243 4625 auriculis
1273 4567 1438 4638 pendebant
1452 4568 1616 4638 margaritas
1639 4574 1668 4625 et
1693 4571 1825 4629 uniones.

1008 4655 1093 4712 llulta
1110 4669 1225 4726 quoque
1241 4668 1309 4710 vasa
1325 4669 1454 4724 gemmea
1469 4661 1499 4711 et
1514 4655 1676 4713 cristallina
1692 4661 1723 4714 et
1737 4673 1828 4716 aurea

1007 4743 1116 4801 invenit
1132 4743 1182 4815 ibi,
1199 4749 1336 4813 argentea
1352 4759 1422 4801 vero
1438 4759 1539 4815 pauca.

1044 4832 1170 4902 Cumque
1181 4833 1275 4888 omnia
1292 4832 1320 4887 in
1337 4846 1388 4889 sua
1403 4837 1549 4902 potestate
1565 4833 1697 4904 haberet,
1715 4832 1830 4893 deside·

1009 4920 1082 4976 ravit
1099 4920 1265 4976 interiorem
1278 4919 1495 4976 ludiamvidere
1506 4921 1576 4977 etad
1600 4923 1832 4996 portascaspias

1008 5007 1173 5080 pervenire.
1192 5009 1254 5075 Quo
1271 5023 1335 5065 com
1354 5007 1488 5065 tenderet
1506 5009 1655 5067 cumomni
1675 5025 1730 5068 suo
1744 5026 1831 5069 exer·

1007 5097 1077 5163 citu,
1096 5103 1291 5168 peruenerunt
1309 5097 1344 5152 ad
1361 5097 1503 5168 quendam
1526 5097 1654 5170 fluvium,
1686 5098 1715 5156 in
1744 5102 1830 5173 eujus

1006 5186 1101 5241 medio
1114 5186 1448 5258 eratcivitasooopertn,
1466 5187 1532 5242 etin
1546 5186 1672 5244 circuitu
1695 5187 1831 5247 civitatis

1006 5277 1150 5344 erataqua
1162 5274 1243 5345 quasi
1255 5273 1359 5331 stadiis
1369 5274 1660 5347 quatuor;ipsavero
1677 5290 1753 5349 aqua
1763 5284 1831 5335 erat

1005 5376 1102 5419 amara
1114 5361 1200 5419 nimis
1209 5363 1290 5420 velut
1299 5363 1472 5421 elleborum.
1481 5362 1629 5436 (dotat
1641 5364 1661 5420 l.
1672 5363 1760 5439 ala’.)
1774 5366 1829 5424 Ubi

1005 5465 1070 5510 oum
1089 5450 1301 5526 applicuissent
1330 5452 1402 5512 hora
1429 5452 1488 5516 die]
1515 5453 1617 5526 tercia,
1646 5453 1766 5529 quidam
1795 5470 1831 5517 ex
