3788 6000
66 130 126 191 ste

505 127 725 191 (IHRONICA.
742 163 781 175 -
795 122 1037 192 CHRONICON
1060 127 1333 201 UNIVERSALE.

1713 145 1773 211 ale

66 262 186 329 castris,
204 261 310 319 bellurn
328 261 547 332 beneventanis
565 262 593 316 ni
609 260 798 333 dederentur,
812 276 889 319 com·
903 261 932 324 A
945 263 1101 322 comitibus
1121 267 1208 324 etiam
1230 285 1264 326 ac
1285 269 1390 342 legatis
1413 274 1591 345 perficienda
1612 282 1769 338 eorrnurisit.
1844 255 1854 265 ,‚

66 351 195 408 minatus
210 354 265 406 est.
283 350 416 406 Prevenit
429 351 480 405 boc
493 350 551 407 dux
564 349 661 421 gentis
678 349 816 422 aragisus
833 348 887 421 ¹¹²⁰,

65 439 200 512 filiosque
214 455 283 497 suos
295 439 467 496 ltumoldurn
479 444 509 496 et
521 440 697 497 Grimoldum
709 456 774 498 cuin
788 455 888 511 magna

64 529 191 600 pecunia
210 529 269 599 rogi
287 530 400 586 obviarn
421 530 551 600 mittens,
573 533 665 601 rogat,
683 537 713 587 ut
730 530 805 588 tilios
819 545 890 587 suos

65 617 185 675 obsides
200 618 352 689 suscipiat,
369 633 458 688 seque
471 624 634 688 corrigente
647 619 789 691 imperata
802 619 892 676 lactu·

64 721 139 777 rum,
155 712 253 778 preter
265 708 319 763 bec
330 706 423 763 solmn
434 707 457 763 si
469 708 531 778 ipsc
542 709 577 763 ad
589 715 780 779 conspectum
792 708 892 765 uenire

63 799 230 865 cogeretur.
258 796 318 850 ltux
344 794 472 851 utilitate
497 797 593 865 gentis
617 797 711 866 magis
727 813 812 868 quam
829 796 892 866 ejus

63 883 263 940 obstinatione
272 883 590 954 considerataoblatos
600 883 656 940 sibi
666 885 785 943 obsides
795 900 892 950 susce,

63 973 117 1044 pit,
134 970 230 1041 eique,
249 974 279 1027 ut
291 970 326 1026 ad
338 975 526 1043 conspectum
542 972 641 1028 venire
655 988 710 1030 non
722 979 889 1051 cogeretur,

64 1075 118 1132 pro
130 1073 232 1128 magno
248 1074 367 1115 rriunere
383 1059 539 1129 concessit,
550 1065 579 1115 et
593 1061 703 1119 minere
720 1062 780 1119 lllio
795 1065 890 1133 gratia

64 1147 217 1205 obsidatus
226 1153 351 1217 retente,
361 1150 499 1221 rnajorcm
509 1150 584 1220 patri
594 1152 716 1221 reinrsit,
727 1151 890 1223 legatisque

63 1239 100 1294 ob
117 1245 299 1294 sacramenta
321 1236 473 1294 fidelitatis
489 1256 502 1294 a
521 1239 731 1296 beneventanis
746 1242 889 1312 exigenda

63 1326 407 1398 cumbragisodimissis,
416 1328 533 1383 Romam
543 1327 641 1399 rediit,
651 1330 889 1402 consumptisque

62 1415 888 1489 ibiinsanctorumvenerationealiquotdiebus,Galliam

947 351 1015 418 Quae
1030 369 1095 411 euin
1112 357 1147 413 ab
1164 358 1209 414 bis
1225 361 1428 418 strenuissime
1444 364 1567 423 luissent
1584 367 1712 440 impleta,
1726 385 1772 427 oc·

947 443 1014 498 taxo
1029 445 1145 500 tandem
1162 461 1236 505 anno
1253 448 1327 505 idem
1346 449 1453 506 bellurn
1469 453 1700 513 oousmnmalurn
1713 464 1768 514 est.

947 528 1022 595 Quot
1039 533 1138 603 praelia
1148 534 1175 590 in
1185 543 1311 606 segesta
1323 538 1393 608 sint,
1406 545 1604 614 quantumque
1619 546 1771 615 sanguinis

947 618 1080 692 eliasurn,
1104 627 1231 681 testatur
1252 627 1398 683 Fannionia
1419 630 1496 685 cinni
1518 646 1590 702 pene
1606 633 1771 690 habitatore

948 722 1037 764 vacua
1050 715 1079 764 et
1090 709 1183 784 lucus,
1201 713 1228 768 in
1241 729 1298 784 quo
1311 716 1389 785 regia
1406 718 1511 787 cagani
1529 725 1602 787 erat,
1620 722 1659 777 ita
1676 722 1773 779 deser·

948 797 1005 866 tus,
1024 802 1054 852 ιιι
1069 812 1103 853 ne
1120 799 1275 868 vestigium
1296 803 1411 872 quidem
1433 806 1564 864 balnariae
1583 809 1773 868 habitationis

948 881 976 937 in
987 897 1022 938 ec
1033 892 1183 957 appareat.
1195 890 1264 944 Tota
1276 889 1305 945 in
1317 892 1371 947 boc
1383 891 1459 949 bello
1471 896 1617 953 llunorum
1633 899 1772 958 nobilitas

947 972 1045 1043 periit,
1059 978 1119 1030 tota
1130 974 1223 1044 gloria
1236 977 1354 1045 decidit,
1367 982 1460 1038 omnis
1471 985 1592 1053 pecunia
1602 991 1629 1041 et
1639 995 1773 1064 congesti

946 1061 1077 1134 exlongo
1087 1068 1219 1135 tempore
1228 1066 1358 1124 thesauri
1370 1068 1565 1144 direptisunt,
1578 1089 1670 1145 neque
1681 1076 1771 1138 ullum

946 1150 1052 1207 bellum
1064 1155 1165 1208 contra
1178 1155 1303 1212 Francos
1314 1162 1448 1215 exortum
1464 1159 1587 1218 huurana
1601 1169 1701 1234 potest
1714 1184 1772 1225 inc·

945 1240 1036 1296 moria
1047 1241 1207 1313 recordari,
1219 1244 1326 1315 quoilli
1337 1247 1428 1317 magis
1440 1248 1524 1305 ditati
1534 1254 1562 1306 et
1574 1253 1770 1323 opibusaucti

945 1327 1013 1398 sint,
1031 1329 1138 1402 quippe
1153 1346 1216 1388 eum
1233 1335 1364 1404 usquein
1377 1336 1404 1392 id
1418 1339 1558 1409 temporis
1575 1356 1646 1411 pene
1663 1359 1771 1417 paupe·

945 1431 993 1473 res
1008 1418 1189 1476 viderentur.
1205 1423 1326 1479 Tantum
1341 1425 1404 1481 auri
1419 1430 1449 1481 et
1465 1430 1577 1496 argenti
1591 1429 1618 1485 in
1630 1433 1710 1502 regia
1727 1449 1771 1491 re-

63 1505 235 1562 revertitur.
248 1537 282 1546 -
293 1506 473 1576 bajoaricum
487 1506 592 1563 deinde
607 1506 714 1563 bellum
726 1512 754 1564 et
768 1514 888 1579 repente
946 1510 1071 1577 pertun,
1093 1510 1135 1564 tet
1156 1508 1249 1581 spolia
1271 1513 1403 1583 preciosa
1420 1514 1448 1570 in
1467 1516 1574 1585 praeliis
1595 1520 1721 1592 sublata,
1738 1528 1769 1579 ιιι

63 1600 160 1653 ortum
175 1602 205 1653 et
221 1596 309 1653 celeri
326 1597 381 1653 fine
395 1596 572 1668 completum
588 1603 644 1668 est,
661 1598 738 1669 quod
750 1599 886 1670 superbia
902 1616 929 1677 Β
946 1594 1049 1651 nerito
1065 1597 1146 1653 credi
1163 1599 1266 1670 possit,
1281 1599 1335 1657 boc
1347 1603 1474 1660 Francos
1488 1605 1578 1662 Hunis
1591 1607 1657 1676 iure
1672 1610 1771 1668 abstu-

63 1682 187 1740 simulet
196 1685 330 1741 socordia
342 1685 501 1741 Tassilonis
511 1684 593 1742 ducis
602 1685 752 1756 excitarit,
764 1686 812 1758 qui
823 1688 888 1743 bor·
945 1682 1024 1754 lissa,
1038 1685 1116 1755 quod
1128 1687 1201 1742 lluni
1215 1688 1296 1760 prius
1308 1689 1373 1747 aliis
1383 1692 1522 1761 gentibus
1533 1695 1641 1763 injuste
1657 1698 1772 1769 eripue-

63 1779 126 1831 tatu
144 1772 252 1843 uxoris,
271 1789 335 1843 quae
352 1774 408 1829 lilia
424 1774 567 1830 Desiderii
584 1773 661 1844 regis
676 1780 740 1831 orat
750 1790 783 1832 ac
795 1776 888 1846 patris
945 1777 1021 1828 runt·
1048 1805 1082 1814 -
1106 1775 1275 1847 Descriptio
1299 1776 1344 1811 ²¹¹¹
1368 1779 1454 1837 terres
1477 1782 1636 1840 Hunorum
1655 1804 1665 1840 :
1683 1788 1769 1844 terra

63 1862 184 1920 exilium
201 1878 252 1935 per
267 1864 402 1921 niaritum
419 1863 521 1920 ulcisci
539 1879 624 1936 posse
640 1865 772 1935 putabat,
785 1865 888 1934 juncto
944 1859 1052 1932 quippe
1066 1862 1225 1934 Hunorum,
1239 1871 1272 1919 ut
1283 1865 1471 1937 antiquorum
1487 1872 1649 1943 temporem
1665 1873 1772 1930 relato-

62 1951 174 2008 toedere
194 1968 259 2009 eum
282 1952 382 2023 tinnis,
404 1952 451 2022 qui
472 1951 612 2022 bajoariis
631 1956 700 2008 sunt
719 1950 755 2007 ab
775 1952 888 2010 oriente
944 1963 992 2004 res
1015 1954 1164 2007 testantur
1184 1950 1275 2023 (Mon.
1292 1955 1388 2026 Scep.
1406 1970 1436 2027 u,
1454 1957 1491 2028 l),
1512 1973 1616 2015 novem
1638 1960 1769 2033 circulis,

60 2040 246 2110 contermini,
264 2055 320 2097 non
338 2040 430 2097 sotum
446 2041 586 2112 imperata
603 2055 658 2096 non
676 2040 832 2097 laceresod
846 2055 889 2097 re·
943 2051 1017 2106 quos
1038 2038 1187 2096 Teutonici
1211 2039 1283 2111 baga
1307 2042 1419 2114 dieunt,
1440 2045 1624 2118 cingebatur,
1648 2064 1771 2119 quorum

61 2128 558 2201 gombelloprouocaretemptabat.
568 2129 656 2199 cujus
664 2129 886 2201 contumaciam,
944 2124 1050 2195 singuli
1067 2127 1106 2182 ita
1123 2128 1275 2200 stipitibus
1294 2132 1413 2201 quernis
1434 2134 1496 2192 sive
1513 2135 1618 2205 laginis
1632 2137 1677 2193 vel
1694 2139 1772 2196 abio·

63 2219 129 2291 quia
143 2219 230 2275 nimia
243 2218 407 2288 ridebatur,
424 2218 595 2275 animositas
611 2217 689 2288 rogis
702 2220 777 2274 terre
788 2218 889 2289 nequi·
943 2214 1009 2283 gnis
1029 2220 1113 2271 crant
1135 2219 1290 2290 exstructi,
1316 2226 1346 2276 ut
1363 2220 1399 2277 de
1415 2223 1545 2293 margine
1560 2225 1594 2280 ad
1612 2227 1770 2296 marginem

62 2313 156 2379 verat,
171 2324 202 2365 ac
217 2308 338 2379 proinde
350 2308 512 2364 contractis
528 2308 655 2378 undique
669 2308 772 2379 copiis,
790 2308 889 2378 Bajea·
943 2304 1047 2374 uiginti
1066 2304 1171 2376 pedum
1186 2308 1317 2380 spacium
1329 2311 1539 2368 tendereturin
1552 2314 1642 2371 latum
1658 2320 1687 2371 et
1705 2317 1772 2372 toti-

63 2398 136 2453 riam
150 2398 309 2470 petiturus,
327 2397 367 2453 ad
380 2397 475 2453 licum
493 2413 604 2453 samem
618 2398 709 2466 venit,
727 2398 774 2468 qui
791 2398 889 2468 Bajoa·
944 2393 1009 2449 dem
1026 2393 1251 2463 subrigerentur
1262 2397 1290 2453 in
1303 2398 1404 2470 altum,
1421 2400 1532 2456 cavitas
1543 2400 1694 2458 ¹¹¹²aetem
1710 2404 1771 2461 rini-

64 2488 124 2543 rios
136 2488 171 2542 ab
185 2485 361 2543 bleirnanniis
372 2487 486 2544 dividit.
500 2488 587 2557 Cujus
599 2487 626 2542 in
639 2486 701 2557 ripa
713 2487 820 2544 castris
832 2488 890 2544 eol·
944 2496 1028 2538 versa
1038 2487 1088 2537 aut
1098 2482 1265 2540 durissimis
1275 2486 1424 2557 lapidibus
1433 2493 1481 2544 aut
1491 2494 1572 2545 creta
1583 2491 1770 2551 tenacissima

64 2577 181 2645 locatis,
191 2576 358 2647 priusquam
370 2576 547 2648 proxinciam
560 2577 694 2645 intraret,
703 2576 828 2634 animum
839 2576 889 2636 du.
945 2568 1121 2642 repleretur,
1132 2586 1220 2643 porro
1230 2575 1401 2646 supcrllciss
1410 2576 1552 2635 vallorum
1564 2581 1722 2660 eorundem
1731 2581 1771 2637 in-

63 2666 106 2722 eis
117 2664 290 2736 perlegales
301 2665 406 2721 statuit
417 2664 554 2736 experiri.
568 2665 624 2720 Sed
636 2664 684 2721 ille
697 2665 889 2736 pertinaciter
946 2659 1283 2732 tegerrimiscespitibus
1292 2667 1452 2733 tegeretur.
1464 2668 1542 2724 lnter
1551 2683 1673 2739 quorum
1683 2669 1774 2725 contl-

64 2767 151 2824 agere
164 2768 216 2809 neo
229 2753 283 2809 sibi
299 2752 343 2809 rel
354 2754 434 2822 genti
451 2752 521 2809 utile
537 2757 630 2824 ratus,
648 2754 708 2823 regi
722 2753 890 2826 sesupplex
946 2748 992 2803 nit
1010 2748 1218 2820 plantabantur
1233 2752 1406 2823 arbusculae,
1425 2769 1500 2825 quae,
1516 2760 1547 2812 ut
1562 2771 1681 2813 cernere
1697 2755 1772 2814 sole·

66 2843 210 2914 permisit,
220 2841 394 2911 obsidesqui
407 2839 723 2913 imperabanturdodit,
734 2842 891 2913 interquos
945 2853 1018 2907 mus,
1035 2838 1157 2896 abscisae
1173 2845 1261 2911 atque
1277 2841 1416 2912 projecte
1430 2858 1528 2900 comas
1541 2829 1675 2901 caudium
1688 2846 1771 2902 lolio·

64 2935 95 2988 ct
111 2930 202 2987 lilium
217 2945 299 2987 suuni
315 2930 508 2999 Tlieodonem,
531 2928 597 2984 data
616 2928 736 3000 insuper
752 2927 809 2984 fide
824 2944 888 2984 cum
906 2973 931 3037 C
947 2942 1068 2998 rumque
1078 2928 1240 2999 proterunt.
1254 2931 1294 2985 De
1306 2931 1502 3002 primoautem
1512 2932 1623 2989 circulo
1633 2935 1769 3005 usquead

62 3020 241 3090 iuramento,
259 3018 337 3090 qued
348 3017 383 3073 ab
396 3017 473 3073 illius
487 3019 632 3089 potestate
647 3017 682 3073 ad
697 3016 889 3073 delectionem
946 3016 1107 3073 secuudum
1118 3020 1153 3073 ab
1164 3016 1286 3072 miliaria
1298 3020 1453 3075 teutonica
1467 3021 1727 3092 protendebantur,
1740 3027 1769 3078 et

63 3108 174 3165 nemini
198 3108 333 3165 suadenti
359 3108 556 3171 consentirem
581 3106 679 3177 sicque
702 3105 790 3177 bello,
812 3106 888 3177 quod
947 3105 1013 3162 inde
1033 3104 1169 3161 similiter
1186 3106 1220 3162 ad
1236 3106 1370 3178 tercium,
1387 3111 1416 3163 et
1432 3107 1470 3162 ita
1492 3110 1635 3179 usquead
1652 3124 1768 3180 ιιοιιιιιιι,

64 3199 148 3267 quasi
162 3198 317 3253 niaximum
332 3197 487 3252 ridebatur
502 3197 641 3266 laturum,
658 3195 831 3252 celerrimus
844 3200 891 3252 est
946 3193 1078 3264 quamuis
1094 3193 1149 3264 ipsi
1165 3192 1269 3250 circuli
1284 3194 1361 3251 alius
1377 3194 1434 3251 alio
1450 3196 1541 3253 rriulto
1556 3198 1770 3254 contractiores

65 3284 133 3342 bnis
151 3286 314 3357 impositus.
332 3284 444 3341 tassilo
465 3288 559 3340 tamen
580 3288 681 3355 postea
697 3289 838 3341 euroeatus
854 3285 890 3341 ad
945 3281 1080 3339 luissent.
1098 3282 1177 3337 Inter
1193 3282 1246 3339 bes
1261 3281 1351 3352 igitur
1368 3296 1491 3354 aggeres
1508 3284 1547 3340 ita
1563 3285 1619 3342 vici
1634 3286 1771 3358 villaeque

63 3389 174 3446 regem,
183 3391 277 3446 neque
290 3374 385 3431 redire
398 3375 557 3446 permis-..us
567 3379 623 3446 ost,
636 3388 730 3445 neque
741 3374 890 3447 provincia
945 3378 1030 3428 erant
1042 3370 1154 3441 locata,
1173 3375 1203 3427 ut
1215 3370 1251 3428 dc
1262 3371 1327 3428 aliis
1338 3372 1374 3430 ad
1386 3371 1458 3428 alias
1467 3388 1525 3429 vox
1535 3374 1658 3430 bumana
1671 3380 1770 3446 posset

63 3478 149 3534 quarn
165 3465 284 3520 tenebat
300 3463 425 3521 ulterius
438 3462 514 3534 duci,
528 3464 578 3520 sed
591 3464 748 3521 comitibus
759 3466 805 3519 est
815 3477 892 3519 com·
947 3459 1052 3518 audiri.
1065 3461 1171 3517 Contra
1184 3460 1284 3516 eadem
1297 3474 1366 3517 vero
1377 3460 1498 3518 aedilicia
1508 3461 1771 3535 interinexpugna-

63 3552 163 3609 missa.
183 3553 225 3623 (V.
244 3553 318 3609 Aren.
338 3569 362 3608 a.
380 3554 455 3624 788.)
472 3553 540 3607 Nam
553 3568 618 3610 curn
631 3551 742 3608 tassilo
755 3550 813 3609 dux
824 3565 892 3609 reus
946 3549 1021 3606 biles
1037 3563 1135 3606 muros
1150 3553 1243 3621 portre
1255 3564 1310 3606 non
1323 3550 1475 3608 satislatae
1490 3557 1573 3607 erant
1589 3554 1768 3624 constitutae,

62 3639 891 3714 majestatisJudicatus‚capitedampnaretur‚clemsntia
947 3654 1001 3711 per
1012 3653 1085 3711 quas
1096 3637 1290 3695 latrocinandi
1304 3640 1400 3707 gratia
1415 3654 1472 3696 nen
1489 3638 1582 3697 solum
1595 3642 1769 3713 exteriores,

62 3730 143 3801 regis
160 3731 218 3787 vita
231 3731 285 3787 sibi
299 3745 449 3801 concessa,
466 3735 578 3787 mutato
592 3729 693 3787 babitu
705 3728 733 3785 in
747 3736 893 3788 monaste·
948 3728 997 3787 sed
1009 3728 1097 3786 etiam
1109 3727 1266 3785 interiores
1277 3728 1410 3785 solebant
1422 3729 1512 3785 exire.
1529 3731 1567 3785 lle
1579 3727 1689 3786 circulo
1701 3744 1771 3800 quo·

62 3820 140 3876 riurn
155 3821 261 3877 missus
272 3826 329 3890 est,
343 3818 739 3890 ultusquoqueejuslbeodo
750 3819 893 3877 detonsus
949 3833 1005 3893 que
1016 3819 1051 3876 ad
1063 3817 1206 3876 circulum
1217 3819 1348 3876 sicerant
1361 3817 1648 3890 possessiones²¹²³et
1660 3819 1771 3875 babita-

62 3909 235 3967 monastieae
253 3909 470 3965 conversationi
488 3908 646 3980 deputatus
661 3914 717 3965 est.
735 3941 766 3950 -
785 3909 892 3992 (Vita.)
947 3908 1013 3967 cula
1026 3907 1153 3979 undique
1168 3921 1285 3965 versum
1300 3906 1443 3977 ordinata,
1458 3907 1619 3976 utclangor
1635 3908 1770 3963 tubarum

62 3999 116 4056 llis
128 4000 256 4056 motibus
269 3999 307 4055 ita
320 3997 500 4069 compositis,
519 3996 639 4068 solaris,
654 3998 702 4068 qui
715 4003 813 4055 nostra
826 4015 894 4057 cen-
948 4000 1026 4057 inter
1040 3995 1155 4066 singula
1170 3995 1311 4065 cujusque
1326 3995 1367 4050 rei
1384 4000 1485 4067 posset
1501 3993 1712 4065 significativus
1727 3994 1771 4032 ¹¹¹⁴
1820 4027 1823 4034 ‚

61 4089 220 4147 suetudine
242 4089 335 4159 Wilci,
358 4088 474 4160 propria
493 4100 562 4143 uero
577 4085 674 4157 lingua
690 4087 832 4144 weletabi
850 4089 892 4145 di·
948 4086 1072 4147 adverti.
1091 4085 1133 4141 nd
1145 4085 1196 4140 bas
1207 4098 1279 4152 ergo
1293 4083 1469 4141 munitiones
1479 4097 1532 4153 per
1543 4083 1685 4139 ducentes
1695 4088 1725 4139 et
1736 4097 1770 4140 co

61 4181 181 4245 cuntur,
205 4174 313 4233 bellum
334 4176 446 4233 illatum
463 4180 519 4246 cst,
537 4174 564 4230 in
581 4191 638 4247 quo
654 4175 792 4247 Saxones,
810 4176 889 4234 velut
948 4175 1072 4249 amplius
1088 4187 1190 4245 annos,
1213 4171 1437 4242 qualescumque
1457 4171 1584 4227 omnium
1604 4171 1771 4227 occidente·

61 4267 223 4324 auxiliares
235 4266 435 4323 interceteras
450 4266 592 4337 nationes,
607 4279 770 4338 quanquam
782 4265 848 4324 tlcta
859 4271 889 4322 st
946 4265 1018 4323 lium
1037 4261 1155 4320 divitias
1175 4265 1399 4331 congregantes,
1416 4274 1482 4315 curn
1497 4265 1528 4315 et
1542 4258 1626 4315 Gotbi
1642 4264 1670 4315 et
1687 4261 1771 4315 llan-

61 4358 160 4414 miaus
180 4355 285 4414 denota
306 4357 494 4426 oboedientia,
513 4356 688 4427 utilitabant,
707 4371 820 4429 unaque
835 4359 889 4415 bae
904 4337 932 4399 D
946 4354 1004 4412 dali
1025 4353 1153 4425 quietem
1173 4349 1319 4407 bominum
1341 4348 1557 4422 perturbarent,
1579 4349 1679 4405 orbem
1695 4347 1771 4405 occi·

60 4445 252 4520 expeditione
263 4446 339 4503 idern
352 4447 444 4504 sclavi
459 4448 497 4504 ita
509 4452 576 4504 sunt
589 4447 702 4517 domiti,
720 4452 750 4505 ut
763 4447 888 4505 ulterius

58 4537 152 4609 jussis
166 4552 222 4593 non
238 4536 428 4593 contrairent.
443 4568 474 4576 —
488 4537 640 4592 Maximum
655 4537 783 4594 omnium
798 4553 888 4610 quaea

60 4626 169 4685 ltarolo
183 4631 266 4697 gesta
283 4632 349 4683 sunt
362 4625 503 4682 bellorum
520 4631 620 4696 preter
634 4626 806 4685 Saxonicum
821 4628 889 4686 huic

60 4714 141 4774 bello
157 4715 314 4784 successit,
331 4713 403 4771 illud
414 4713 553 4770 videlicet
565 4714 643 4786 quod
658 4720 760 4772 contra
777 4720 889 4776 Avares

59 4804 125 4864 sive
143 4807 241 4863 Hunos
260 4808 427 4877 susceptum
445 4807 500 4872 cst,
526 4804 602 4875 quod
620 4804 669 4861 ille
683 4810 712 4863 et
728 4805 889 4865 animosius

59 4910 149 4968 quam
164 4899 263 4953 cetera
274 4899 302 4953 et
316 4895 401 4968 longe
418 4895 519 4968 majori
536 4898 678 4969 apparatu
695 4897 889 4957 amministra-

57 4986 113 5044 ιιι.
131 4987 220 5043 Unam
237 4989 333 5043 tamen
348 4999 399 5057 per
410 5001 442 5043 so
458 4986 485 5041 in
497 4985 675 5042 Pannoniam
686 5019 720 5028 -
731 5003 795 5045 nam
814 4989 888 5047 bano

59 5073 886 5151 provinciameagensincolebat-expeditionemlecit,

60 5170 164 5228 cetera
181 5165 240 5224 illio
255 5181 309 5225 suo
324 5165 448 5239 Pippino
463 5179 496 5223 ae
508 5166 646 5238 prefectis
657 5167 887 5243 porrineiarum,

947 4444 1035 4502 duum
1045 4456 1118 4516 pene
1127 4454 1251 4499 vacuum
1262 4438 1444 4496 dimiserunt.
1458 4438 1536 4504 Quos
1546 4442 1606 4493 tum
1617 4437 1771 4495 invictissi-

945 4548 1010 4591 mus
1024 4531 1148 4589 Karalus
1162 4530 1190 4587 in
1204 4528 1289 4586 aunis
1303 4533 1371 4586 octo
1386 4527 1426 4584 ita
1442 4527 1620 4599 perdomuit,
1638 4531 1669 4584 ut
1680 4526 1715 4583 de
1727 4527 1770 4584 eis
1858 4576 1864 4588 ,

944 4637 981 4681 nc
996 4622 1129 4679 minimas
1140 4619 1256 4692 quidem
1267 4617 1409 4691 reliquias
1424 4631 1576 4674 remanere
1590 4617 1767 4689 permiserit.

944 4713 968 4770 A
983 4709 1160 4784 Vulgaribus
1176 4708 1321 4768 nereidae
1333 4722 1449 4765 manum
1464 4705 1599 4776 retraxit,
1614 4706 1679 4776 quia
1692 4705 1771 4762 vidc-

944 4801 1026 4875 licot‚
1037 4801 1129 4859 Hunis
1139 4799 1290 4870 extinctis,
1302 4812 1392 4869 regno
1403 4798 1581 4853 Francorum
1592 4794 1680 4850 niebil
1691 4794 1770 4852 uoci·

945 4893 1005 4953 turi
1020 4892 1201 4952 uiderentur.
1217 4890 1311 4946 Porro
1325 4885 1453 4959 predam
1469 4885 1497 4940 in
1512 4882 1659 4941 Pannonia
1672 4896 1770 4955 reper-

945 4987 1006 5041 tam
1022 4997 1073 5056 per
1088 4978 1246 5055 epyscopia
1257 4977 1303 5036 vel
1315 4974 1495 5034 monasteria
1506 4970 1712 5030 liberalissima
1728 4970 1772 5028 di·

944 5074 1056 5135 visione
1067 5070 1229 5133 distribuit.
1243 5068 1338 5142 (Eine.
1357 5064 1527 5140 vitellos.)
1537 5063 1600 5122 buo
1610 5066 1725 5121 tantum
1736 5075 1773 5120 ex

945 5164 1120 5245 proceribus
1133 5163 1311 5227 Francorum
1328 5173 1370 5221 eo
1386 5158 1466 5223 bello
1478 5155 1639 5231 perierunt.
1653 5150 1776 5209 tiericus

745 5296 765 5352 v
1078 5331 1086 5355 .

95 5392 310 5464 ¹¹¹⁰³f³⁸ss³¹s⁰³
327 5393 365 5449 ¹⁶·
395 5293 1151 5470 “staectemrppmmffipaecfflgsmm,
1172 5397 1198 5450 t.
1230 5388 1277 5426 ¹¹²¹
1301 5388 1450 5452 civitas
1467 5384 1491 5440 ι.
1500 5376 1527 5434 el
1538 5373 1637 5433 ciuitas
1661 5371 1700 5425 qe,
1738 5362 1790 5468 Ψ

60 5465 219 5545 passiones
233 5469 260 5524 l.
285 5464 555 5537 1ι’*ειιςιιιιιιιιιιιιιι
568 5465 593 5521 t.
611 5467 636 5522 u.
649 5466 687 5523 ιι.
701 5468 744 5527 to.
773 5469 816 5528 tt.
