3788 6000
137 252 199 324 859

718 252 960 326 EKKEHARDI
981 246 1260 328 Unaaeranffls

1780 257 1840 324 860

114 384 115 388 ’
141 391 264 452 miliaci
287 392 462 467 quingentos
486 393 682 470 tradiderant,
708 397 756 470 qni
781 409 882 454 omncs
904 405 961 451 una
977 389 1005 455 Α
1020 408 1084 451 enm
1105 391 1248 470 detinens,
1272 398 1395 472 Capuam
1414 396 1509 469 venit;
1528 396 1652 472 indeque
1669 396 1777 456 bellura
1792 409 1841 469 gc·

142 484 189 542 dic
201 485 286 558 jussu
302 486 381 556 regis
395 486 530 544 decollati
547 491 647 545 sant*

231 575 315 658 ⁰:5¹
332 577 472 634 addant:
489 577 767 650 Constantinopolim
789 574 905 646 qnidam
924 571 963 627 la·

248 646 362 718 prdeam
384 663 478 705 aream
500 650 609 706 invenit
625 654 654 705 ct
671 651 697 704 in
713 663 745 705 ca
762 647 854 703 virum
867 644 964 713 jacen-

250 725 308 774 tem
323 734 387 775 eam
403 720 457 775 bae
470 722 617 791 scriptura
632 740 637 774 :
652 739 665 772 a
678 720 811 775 Christus
828 719 963 771 nascetur

250 802 286 845 ex
301 790 387 846 illaria
404 791 515 860 virgine
531 798 560 847 ct
576 792 665 847 eredo
680 791 708 846 in
724 805 805 854 eurn;
825 787 879 843 sub
893 787 965 840 Con-

251 861 420 916 stantinoct
432 863 543 988 llqrene
560 861 798 933 imperatoribus
815 857 895 927 osol,
914 857 966 910 itc-

251 944 313 985 ram
329 946 372 985 me
388 931 452 987 ride
476 934 508 989 is.
523 954 536 985 n
551 932 698 1003 eetttped.

181 1021 205 1070 3.
226 1021 267 1072 aa.
287 1021 317 1074 Α.
336 1020 366 1075 n.
383 1023 445 1076 783.
468 1024 536 1077 Cum
557 1023 591 1077 ad
614 1002 828 1091 expeditionem
851 1013 967 1071 Saxoni-

146 1117 208 1161 cam
222 1120 273 1162 rex
285 1121 315 1162 sc
328 1114 524 1181 preparasset,
542 1115 697 1180 antequam
713 1112 843 1163 nieverct
859 1101 967 1160 exerci-

146 1197 218 1264 tam,
235 1195 405 1265 lliltigarelis
422 1200 531 1268 regina,
547 1214 619 1255 uxor
634 1201 707 1269 ejus,
726 1197 797 1252 obiit
813 1200 830 1250 a
845 1194 965 1250 llaleml·

146 1282 212 1353 llai,
227 1283 254 1338 in
267 1284 372 1354 quibus
382 1291 451 1341 tune
463 1292 545 1342 erant
559 1286 664 1355 vigiliae
676 1284 866 1341 ascensionis.
881 1282 968 1350 Cujus

147 1369 240 1426 inncri
253 1389 315 1429 eam
329 1373 468 1445 solempni
486 1390 564 1430 moro
577 1375 655 1443 justa
674 1373 866 1445 persolveret,
883 1371 970 1425 Saxo·

147 1459 222 1515 niam
249 1462 383 1528 tetendit,
409 1478 598 1534 pugnansque
623 1479 686 1519 enan
713 1463 756 1517 cis
780 1461 806 1514 iu
833 1460 896 1515 loeo
920 1457 969 1528 qni

148 1548 318 1605 Tbeotmelli
341 1556 473 1620 voratur,
491 1553 558 1607 trient
576 1567 643 1618 cos;
670 1551 793 1619 iruleque
814 1548 847 1603 ad
865 1548 970 1602 Patier-

152 1637 635 1711 brannenvenicus,andiviteosin
648 1636 969 1695 linibusll'cstt'alornm

1020 493 1132 556 sturnS,
1149 491 1244 543 castra
1257 487 1296 543 ibi
1308 489 1416 560 posuit.
1435 488 1572 559 aragisus
1583 505 1661 558 vcro,
1675 486 1779 544 relicta
1792 486 1841 543 ile·

1020 576 1154 645 acuente,
1177 591 1240 646 qnae
1260 583 1349 649 capet
1368 584 1412 634 cst
1435 579 1514 635 illias
1532 584 1627 646 terra,
1645 577 1794 633 Salernum
1812 591 1841 633 se

1021 662 1103 731 quasi
1133 664 1316 721 inanitionem
1343 667 1483 733 eorrtulit3
1512 665 1659 737 missaque
1683 666 1840 736 legatione,

1021 753 1162 821 utrosque
1175 753 1251 809 filios
1262 769 1330 811 suos
1342 755 1402 825 regi
1418 755 1535 824 obtulit,
1554 754 1729 826 promittens
1744 769 1776 810 se
1792 769 1843 825 pcr

1021 840 1114 893 annua
1130 841 1324 912 obediturum,
1347 847 1458 899 tanturn
1474 859 1509 898 ne
1524 843 1559 898 ad
1576 849 1764 914 conspectum
1779 843 1843 911 ejns

1022 928 1121 984 venire
1142 937 1307 999 cogeretur.
1331 934 1421 1002 (Eme.
1440 933 1506 989 Vite
1518 933 1593 988 Kar.
1606 933 1741 1001 -Aaml
1758 932 1845 1000 enjus

1024 1019 1159 1085 precibus
1172 1034 1223 1075 rex
1235 1034 1375 1085 annuens,
1391 1022 1530 1076 nriuorcm
1547 1014 1638 1076 bliurn'
1653 1020 1769 1075 nornine
1786 1019 1845 1073 Gri-

1024 1106 1150 1162 meldum
1176 1122 1273 1164 seeum
1301 1111 1431 1178 retinuit,
1457 1111 1593 1179 rrrarjorent
1621 1109 1695 1180 patri
1722 1108 1842 1164 remisit.

1025 1195 1145 1265 acecpit
1165 1197 1284 1268 insuper
1299 1213 1314 1253 a
1332 1198 1438 1269 populo
1457 1199 1576 1254 obsides
1595 1201 1635 1266 tt,
1653 1197 1793 1265 trusitque
1808 1195 1845 1250 lc·

1024 1287 1117 1352 gatos,
1136 1285 1184 1354 qni
1200 1292 1229 1341 et
1244 1287 1337 1359 ipsum
1349 1289 1451 1344 elneem
1468 1294 1496 1343 et
1513 1302 1625 1342 errrrrcm
1643 1286 1782 1357 populum
1800 1285 1847 1338 Be-

1027 1378 1218 1429 neventanum
1241 1381 1426 1432 saeranrento
1451 1375 1666 1432 confirmarent.
1692 1376 1759 1444 lpsc
1784 1378 1847 1443 post

1025 1458 1159 1517 lraeccurn
1169 1462 1273 1532 legatis
1287 1467 1405 1534 llprenae
1415 1470 1443 1520 ct
1455 1463 1637 1521 Constantini
1652 1462 1787 1531 illicias,
1801 1477 1848 1531 qur

1026 1555 1147 1620 propter
1164 1553 1317 1621 petendam
1334 1554 1419 1610 filiam
1434 1568 1513 1610 suant
1531 1552 1610 1608 missi
1628 1552 1753 1617 lucrant,
1771 1550 1849 1606 loeu-

1027 1640 1075 1695 tus
1084 1645 1139 1709 cst,
1151 1639 1267 1712 illisque
1280 1642 1420 1713 dimissis,
1431 1643 1548 1697 lloruarn
1558 1654 1705 1709 reversus,
1717 1643 1848 1694 sanetum

151 1723 255 1780 iterum
270 1729 432 1797 paratosad
443 1744 582 1798 pngnmn;
595 1729 630 1783 ad
643 1727 858 1798 qnestcndens,
870 1724 969 1780 cadem
985 1745 1013 1806 B
1029 1728 1134 1799 paseha
1152 1729 1268 1786 ibicum
1284 1746 1385 1801 magna
1406 1730 1561 1800 hylaritate
1580 1727 1756 1785 celebravit.
1774 1729 1850 1782 Tune

151 1826 205 1881 qua
217 1815 297 1882 prins
310 1815 446 1871 leliritate
457 1833 520 1872 enan
531 1817 573 1872 cis
584 1816 739 1872 elirnieavit.
754 1815 822 1870 inde
835 1826 970 1868 reversus

152 1899 179 1954 in
192 1902 350 1972 Franciarn,
368 1905 450 1959 rlrrxit
463 1920 581 1961 uxorem
594 1905 681 1960 liliam
692 1902 797 1959 Ratollr
809 1902 924 1957 convitis
937 1901 971 1954 de

152 1990 288 2046 orientali
301 1992 420 2048 Francia
434 1994 548 2048 nominc
560 1992 739 2058 Fastradam,
757 1991 791 2046 de
804 2005 859 2061 qna
871 1988 972 2043 habuit

154 2078 228 2134 lrlias
245 2080 326 2135 duas.
350 2112 374 2120 ·
394 2081 500 2136 Eadem
517 2096 591 2136 anno
606 2081 741 2136 defuncta
757 2083 801 2134 est
820 2079 901 2133 bonae
917 2091 974 2132 mc·

71 2209 78 2215 .
156 2168 254 2223 moriae
271 2168 430 2224 Berhtrada
447 2170 555 2241 regina,
575 2174 666 2225 mater
681 2169 770 2238 regie,
788 2165 971 2224 ildaslnlii.

188 2259 212 2312 d.
232 2261 274 2312 16.
294 2259 325 2314 Α.
342 2260 372 2313 D.
390 2262 451 2314 nst.
478 2259 610 2330 llarolus,
635 2259 796 2328 transjecto
821 2256 920 2311 lllrcno
945 2257 974 2311 in

153 2344 217 2400 loco
230 2345 275 2379 ¹¹³⁸
286 2347 333 2416 qni
347 2346 511 2419 lippeheim
524 2352 656 2417 vocatur,
670 2361 757 2418 pagos
769 2343 974 2401 ll'estlalornm

154 2435 295 2500 vastavit;
317 2437 495 2507 veniensque
511 2437 545 2492 ad
565 2437 716 2505 wisaram,
738 2449 802 2490 cnm
824 2430 974 2488 inundatio

156 2534 294 2590 aqrrarum
319 2524 474 2580 transitum
496 2528 626 2593 negaret,
648 2522 758 2577 alinrisit
781 2519 869 2576 lilium
892 2534 975 2576 suum

155 2609 290 2665 llarolnm
305 2611 330 2664 in
344 2611 450 2665 finibus
460 2610 694 2679 westfalaorum,
712 2610 830 2681 ipseque
843 2624 894 2680 pcr
904 2609 976 2664 Tba·

155 2697 276 2766 ringiam
290 2698 447 2768 divertens,
460 2699 655 2770 depopulatas
666 2704 712 2754 est
727 2705 823 2770 partes
835 2713 898 2768 quae
910 2702 976 2754 sant

155 2785 232 2841 eirea
248 2785 371 2856 albiam,
382 2793 629 2858 reversusqnccst
640 2787 666 2841 in
677 2786 835 2841 l'raneiam.
850 2788 977 2841 Saxones

158 2889 227 2929 vcra
243 2875 412 2947 congregati
435 2876 600 2947 pugnabant
620 2890 684 2931 eum
703 2873 976 2946 neocaesaream

155 2962 205 3018 sed
223 2963 281 3034 ille,
301 2980 400 3035 inagna
421 2965 492 3020 etrele
514 2965 600 3033 laeta,
617 2978 682 3021 cnm
698 2964 725 3020 vi
746 2963 820 3020 toria
839 2961 925 3018 rediit
941 2961 976 3017 ad

156 3057 267 3123 patrem
280 3054 480 3110 Woruraeiam.

191 3146 216 3197 t.
235 3147 276 3198 17.
297 3145 328 3199 Α.
346 3145 376 3198 l).
394 3150 454 3201 785.
478 3144 609 3200 Witilrint
630 3149 660 3199 et
681 3141 773 3197 Abbio
792 3154 827 3195 ex
847 3139 978 3194 Transal-

158 3230 242 3285 biana
269 3233 386 3300 regione
411 3232 602 3290 veneruntad
619 3230 753 3286 liarolum
779 3243 875 3298 regem
902 3226 990 3298 apud

159 3317 347 3386 attiniacum,
375 3321 537 3377 adducente
565 3319 724 3375 amaluino
748 3316 794 3350 ¹¹³⁰
819 3316 978 3373 aulicorum

158 3420 224 3476 urio,
253 3408 352 3478 ibique
376 3409 404 3464 in
429 3410 552 3479 gratiam
580 3407 700 3479 recepti,
728 3404 867 3477 baptizati
894 3409 978 3470 snat,

157 3494 326 3566 quievitque
343 3498 492 3554 saxonicae
509 3496 638 3569 perfidiae
654 3494 848 3567 pervicacitas
863 3506 915 3564 per
929 3491 980 3546 ali-

157 3589 224 3653 quot
240 3601 339 3643 annos.

192 3676 217 3729 6.
238 3679 279 3731 18.
299 3679 329 3732 rt.
347 3677 377 3730 a.
394 3679 456 3732 736.
473 3675 601 3731 beriticus
614 3689 675 3744 rex,
691 3670 838 3741 anglesei
851 3669 980 3726 Saxones

160 3763 337 3820 Britanniam
351 3764 490 3820 invasisse
502 3766 634 3835 (aaa-ao),
651 3761 730 3816 misit
742 3759 811 3815 illuc
822 3773 887 3814 carn
899 3770 981 3812 exer·

159 3853 220 3909 citu
237 3853 400 3923 andellam,
420 3853 599 3925 prepositum
620 3865 725 3906 mensae
746 3847 843 3918 aegiso.
865 3846 918 3913 Qui
935 3859 981 3902 ve·

158 3941 250 4010 niens,
267 3942 385 4013 perlida}
401 3943 497 4013 gentis
513 3939 722 3998 contumaciam
745 3937 804 3994 cito
825 3934 980 4007 repressit,

159 4036 354 4102 acceptosque
370 4032 488 4087 obsides
505 4047 568 4087 erran
585 4029 718 4095 plarirnis
732 4026 831 4099 populi
848 4021 983 4097 prirnori-

160 4118 213 4176 bus
222 4122 411 4176 Wermae'am
422 4121 456 4176 ael
468 4135 563 4189 regem
575 4117 704 4174 adduxit.
718 4117 777 4172 Rex
789 4119 895 4182 antem,
910 4125 980 4184 paee

160 4208 394 4279 undiqacparta‚
407 4206 865 4275 statuitltornamire,etpartem
879 4199 981 4269 ltalia,

162 4303 281 4366 quaeest
293 4297 369 4352 eirca
383 4299 588 4364 beneventum,
603 4308 662 4350 snae
674 4293 814 4364 potestati
827 4289 982 4359 subiicere,

163 4383 247 4453 eajns
269 4384 404 4453 maiorem
428 4389 549 4455 partem,
571 4387 657 4453 eapte
677 4379 834 4446 Desiderio,
854 4379 911 4448 jam
928 4375 983 4432 sibi

1028 1819 1221 1874 veneruntad
1250 1835 1351 1891 papam
1377 1820 1464 1889 legati
1490 1817 1647 1874 Tassilonis
1672 1816 1765 1886 deicis,
1795 1818 1850 1870 Aru

1028 1906 1185 1978 episcopus
1200 1914 1229 1962 ct
1246 1909 1390 1965 llunrieas
1408 1909 1508 1977 abbas,
1525 1910 1671 1976 rogantes,
1688 1909 1720 1960 nt
1734 1905 1851 1959 intense

1028 1997 1058 2048 ct
1071 2010 1165 2064 regern
1179 1995 1322 2052 mediator
1334 1996 1414 2068 pacis
1426 1996 1487 2051 beri
1500 1996 1680 2064 dignaretur.
1695 1992 1778 2059 Quod
1788 2006 1851 2048 enrn

1030 2081 1077 2138 ille
1093 2085 1198 2139 obnixe
1214 2086 1323 2141 taceret
1339 2090 1367 2140 ct
1385 2100 1436 2140 rex
1448 2099 1479 2140 se
1492 2084 1519 2140 iel
1531 2083 1606 2139 velle
1623 2083 1746 2149 diceret,
1766 2081 1852 2135 inter-

1030 2173 1122 2242 rogati
1138 2174 1228 2244 missi,
1252 2189 1307 2244 quo
1323 2178 1410 2245 paeto
1427 2187 1525 2245 pacem
1543 2172 1657 2226 lrrrnare
1671 2168 1794 2237 vellant,
1811 2183 1853 2223 re·

1031 2262 1221 2331 sponderunt,
1248 2262 1301 2318 sibi
1326 2276 1416 2333 snper
1440 2261 1492 2316 bae
1513 2275 1544 2315 rc
1566 2258 1654 2315 nicbil
1679 2259 1852 2328 imperatum

1031 2348 1131 2407 tuisse.
1148 2350 1228 2406 Unde
1240 2364 1313 2421 papa
1325 2355 1495 2413 commotus,
1509 2347 1590 2417 quasi
1603 2346 1721 2402 fallaces
1733 2361 1767 2401 ae
1781 2346 1853 2400 tran·

1032 2437 1167 2494 dnlentos
1179 2438 1362 2495 anatlnernate
1374 2437 1478 2493 statuit
1492 2434 1647 2504 leniendos,
1659 2435 1682 2490 si
1693 2449 1708 2489 a
1719 2433 1776 2488 lide
1787 2433 1853 2488 olim

1032 2527 1092 2595 regi
1102 2526 1246 2597 proruisse
1256 2526 1458 2590 discederent;
1471 2525 1582 2594 iraeque
1592 2523 1657 2579 duci
1669 2522 1852 2587 remandans,

1032 2615 1086 2671 bos
1101 2615 1206 2671 inlecta
1225 2629 1293 2685 paee
1308 2613 1430 2670 remisit.
1448 2611 1634 2684 apostoliens
1649 2615 1744 2666 autern
1761 2613 1790 2663 it
1808 2625 1855 2665 rex

1033 2703 1154 2760 invicem
1167 2703 1223 2759 sibi
1236 2702 1433 2758 valedicentes
1448 2701 1659 2767 discesserunt,
1676 2705 1854 2768 acceptaque

1034 2792 1248 2859 bencdictione,
1275 2806 1326 2846 rex
1346 2791 1373 2846 in
1393 2791 1542 2846 Franciarn
1568 2787 1664 2856 rediit,
1683 2791 1712 2841 et
1734 2786 1811 2841 titios
1825 2799 1856 2841 ac

1034 2879 1108 2936 filias
1122 2894 1187 2936 euna
1205 2894 1294 2935 uxore
1316 2892 1369 2934 sua
1388 2876 1527 2934 Fastrada
1545 2875 1715 2931 wormaciae
1735 2872 1853 2928 invenit.

1033 2969 1075 3026 lbi
1087 2983 1156 3038 crgo
1168 2969 1267 3023 habito
1280 2965 1410 3038 generali
1424 2969 1580 3030 conventa,
1597 2977 1693 3019 ceram
1709 2960 1856 3032 optimati·

1035 3059 1089 3114 bns
1104 3057 1165 3114 suis
1181 3057 1275 3112 ornrnia
1297 3071 1361 3126 quae
1382 3056 1456 3110 laeta
1473 3059 1542 3109 sant
1558 3052 1585 3107 in
1601 3052 1706 3106 itinere
1723 3064 1779 3106 suo
1797 3063 1855 3104 nar·

1035 3147 1119 3215 ravit,
1135 3159 1293 3219 eorumque
1312 3143 1435 3200 consilio
1454 3142 1569 3212 legatos
1586 3139 1663 3196 misit
1682 3138 1717 3195 ad
1733 3137 1854 3195 Tassilo·

1035 3250 1099 3292 nean
1123 3237 1168 3306 (Α.
1195 3236 1309 3306 Lacr),
1336 3232 1384 3303 qui
1410 3231 1624 3302 experirentur,
1651 3227 1675 3284 si
1701 3225 1852 3298 apostolici

1031 3323 1121 3394 jussis
1145 3323 1276 3379 oboedire
1302 3322 1417 3392 sibique
1435 3320 1518 3375 fidem
1533 3331 1652 3374 servare
1677 3315 1850 3385 disponeret.

1035 3413 1129 3482 (Bran.
1146 3413 1232 3482 alae.)
1253 3411 1314 3476 Qua
1330 3410 1411 3479 jussa
1432 3409 1667 3477 contempnente,
1688 3403 1795 3459 statuit
1810 3416 1851 3456 rer

1036 3500 1186 3571 tripertito
1209 3498 1342 3554 exercita
1368 3495 1528 3566 bajoariam
1553 3496 1664 3564 petere,
1681 3495 1710 3547 et
1728 3490 1790 3545 sslie
1809 3502 1851 3545 suo

1035 3588 1157 3660 Pippino
1174 3603 1239 3643 enan
1256 3585 1366 3642 italicis
1386 3584 1480 3655 copiis
1497 3584 1524 3638 in
1540 3579 1738 3636 Tridentinam
1758 3576 1851 3633 vallera

1036 3677 1210 3745 aorrllucnte,
1224 3677 1366 3731 Saxonum
1384 3687 1453 3728 vere
1470 3675 1557 3741 atque
1572 3666 1761 3724 orientalium
1777 3667 1851 3720 Frau-

1036 3780 1137 3822 cerunt
1158 3763 1289 3820 exercita
1308 3777 1397 3833 super
1416 3759 1578 3816 llanabiuur
1598 3757 1625 3811 in
1644 3754 1709 3810 loco
1728 3754 1776 3825 qul
1793 3752 1851 3808 l‘lnc·

1037 3853 1119 3924 ringa
1136 3852 1244 3910 dieitur
1261 3850 1463 3916 eanrcuioute,
1477 3847 1538 3917 ipse
1550 3859 1614 3900 earn
1627 3842 1761 3898 exercitu
1777 3853 1849 3910 quen

1038 3942 1199 3998 adduxerat
1211 3952 1299 4010 super
1311 3938 1407 3993 Lieurn
1420 3934 1538 3991 tluvinrn
1547 3929 1714 3986 incivitatls
1728 3929 1850 3998 augusta

1038 4030 1179 4088 suburbio
1195 4027 1375 4084 considebat.
1393 4023 1499 4079 Videas
1511 4024 1607 4076 autern
1618 4016 1729 4073 tassilo
1741 4032 1771 4072 se
1784 4012 1852 4071 undi-

1039 4134 1095 4192 qne
1106 4117 1324 4181 circumlusum,
1339 4113 1373 4169 ad
1388 4125 1482 4182 regem
1494 4112 1617 4180 supplex
1631 4106 1722 4172 venit,
1739 4105 1852 4161 reniam·

1039 4224 1096 4280 que
1111 4209 1145 4264 de
1162 4211 1229 4264 ante
1243 4204 1336 4274 gestis
1349 4201 1404 4258 sibi
1417 4199 1477 4255 dari
1490 4195 1614 4265 rogarit.
1633 4195 1694 4249 llcx
1711 4192 1852 4260 autemut

1041 4311 1157 4368 semper
1169 4298 1232 4350 erat
1245 4292 1331 4361 initis,
1345 4285 1514 4360 deprecanti
1527 4282 1669 4355 peporcit,
1685 4284 1854 4352 acceptoque

1043 4388 1077 4442 ab
1089 4402 1123 4442 eo
1136 4383 1194 4439 tilio
1205 4381 1269 4451 ejas
1282 4377 1435 4435 Tbcodonc
1449 4390 1513 4430 enm
1529 4371 1594 4427 aliis
1612 4374 1645 4426 ta
1656 4369 1819 4436 obsidibus,
1832 4365 1854 4418 in

165 4470 348 4527 subdiderat.
361 4472 485 4527 Veniens
497 4471 586 4541 igitur
596 4471 623 4525 in
634 4468 757 4539 ltaliam,
767 4466 862 4523 natale
874 4463 983 4521 bomini
999 4453 1026 4516 D
1042 4474 1189 4532 Frangam
1206 4469 1303 4526 rediit,

165 4559 325 4615 celebravit
337 4560 412 4631 apud
423 4560 534 4617 insciae
546 4559 694 4614 civitatem
708 4555 891 4613 Florentiam.

198 4655 223 4704 7.
245 4653 286 4704 tlt.
305 4651 337 4704 Α.
354 4650 385 4704 b.
403 4652 464 4704 787.
490 4647 613 4704 llarolus
639 4662 688 4703 rex
713 4647 831 4702 bornam
857 4643 985 4713 veniens,

167 4732 919 4809 horrorlbcesnsceptnscstalrapostolieotelriane3
932 4746 990 4786 rno-

1079 4641 1103 4693 8.
1121 4639 1164 4691 20.
1183 4633 1228 4703 (A.
1242 4632 1330 4687 laur.
1344 4633 1371 4682 et
1384 4628 1479 4696 Enna.)
1496 4626 1526 4679 tt.
1543 4624 1572 4677 b.
1591 4621 1653 4677 788.
1670 4617 1774 4682 llarolo
1790 4612 1859 4688 apud

1044 4722 1224 4797 ingilinheim
1236 4717 1340 4792 pascha
1350 4714 1518 4772 celebrante
1528 4715 1555 4767 et
1565 4704 1861 4779 generaleeoneiliurn

166 4829 306 4896 ratusque
323 4827 361 4882 ibi
380 4843 430 4898 per
446 4826 556 4896 aliquot
572 4826 645 4895 dies,
658 4838 722 4880 cam
735 4822 836 4878 ecdem
852 4819 990 4892 pontitlee
1045 4817 1109 4874 bab
1122 4818 1180 4881 ute,
1192 4807 1303 4866 Tassilo
1314 4806 1382 4874 elnx,
1396 4803 1470 4859 sieut
1481 4797 1608 4857 etcetcri
1622 4794 1701 4866 regni
1717 4793 1862 4866 primates,

168 4913 364 4970 beneventum
379 4915 538 4971 contendit.
553 4914 635 4980 Quod
647 4912 768 4968 audiens
781 4909 920 4980 aragisus
932 4908 991 4964 dax
1047 4901 1174 4972 advenit,
1192 4897 1243 4955 sed
1255 4912 1269 4952 a
1283 4893 1422 4953 Bawariis
1436 4891 1601 4956 acensatas,
1616 4883 1692 4957 qnod
1706 4887 1771 4956 post
1783 4883 1865 4938 datos

169 5003 409 5074 beneventorum,
435 5004 512 5061 rn³sit
533 5004 568 5059 ad
590 5017 687 5072 regem
712 5000 801 5054 fllium
827 5013 911 5055 saum
937 4997 992 5052 ltu·

1047 4992 1177 5067 proxime
1189 4985 1308 5045 obsides
1320 4983 1404 5040 sidem
1415 4997 1469 5037 nou
1480 4974 1651 5043 servaverit,
1665 4971 1716 5029 sed
1728 4970 1866 5027 suadente

169 5091 295 5148 unaldum
308 5109 373 5150 eam
387 5094 497 5164 magnis
511 5091 688 5160 rannerilras,
707 5077 825 5159 rogans,
839 5101 873 5142 nc
887 5091 992 5142 terrain
1049 5094 1138 5138 uxore
1149 5090 1200 5134 sua
1212 5074 1380 5142 liutburga,
1397 5066 1538 5125 Desiderii
1553 5058 1810 5132 Langobardorum
1826 5071 1867 5111 re-

166 5177 245 5236 illam
262 5182 399 5240 intraret.
417 5181 499 5248 Quod
515 5180 564 5237 ille
580 5181 711 5236 abnuens
721 5182 750 5233 ct
762 5173 934 5232 ancldum
951 5187 994 5229 sc-

1048 5170 1093 5242 gis
1114 5166 1181 5232 illia,
1203 5166 1311 5219 Avares
1332 5161 1359 5215 ia
1375 5154 1596 5228 dissipationem
1617 5147 1697 5220 regni
1720 5144 1865 5204 roraverit

853 5295 971 5354 vania}
994 5290 1194 5351 LECTIONES.

202 5391 247 5428 ¹¹³⁸
262 5392 290 5448 in
307 5391 325 5448 l.
342 5392 545 5465 superscripta
558 5390 629 5450 aaut
644 5393 668 5447 l.
707 5386 753 5421 ¹¹³⁰
774 5385 926 5442 amalvriec
943 5384 980 5440 tl.

961 5477 1071 5537 NOTAE.

205 5581 327 5654 (titt-³0)
343 5577 434 5634 Valde
448 5577 637 5634 Etlebardus
652 5576 707 5633 boe
722 5574 788 5630 loeo
804 5568 941 5629 liinbardi
955 5565 1151 5626 narrationem
1165 5557 1305 5618 turbarit.
