3788 6000
127 264 203 328 laea
306 238 310 244 ’

624 255 864 335 CHRONICON
879 269 911 335 S.
926 257 1111 340 Hueunrr
1125 278 1321 348 annuant.

1776 285 1848 350 lact

125 430 219 490 saneti
231 431 401 491 caertesae
414 432 530 491 missam
540 436 738 493 matutinalem
751 438 894 498 deductus
905 448 951 499 est
965 407 993 469 Α
1008 436 1080 492 urbe
1095 436 1353 510 Remensi‚valeuti
1366 439 1521 499 admodum
1537 442 1614 512 vira,
1632 444 1668 497 ct
1689 424 1847 512 promptis·

125 522 394 578 enmmunieandus.
407 525 535 580 intuitus
551 529 646 581 alitem
657 528 906 587 iratresordinate
921 538 949 587 et

127 616 297 668 reverenter
307 614 515 677 consistentes,
528 614 666 670 inclinato
683 619 790 689 eapite,
808 634 950 690 nusquam

126 702 227 758 oeulos
257 700 449 763 declinantes.
466 715 566 758 eornm
583 703 772 762 inquerendo
787 708 950 766 ordinatam

126 792 343 849 successionem
360 796 389 846 et
406 790 638 864 devotionem,in
653 796 748 852 eundo
762 801 790 852 et
804 797 952 855 redeundo

127 882 317 953 compositam
343 882 517 947 pravitatem
546 884 775 942 ammiratusest
799 903 826 942 rn
851 888 903 957 eie,
923 896 953 945 ut

127 976 191 1028 erat
208 971 251 1026 rir
267 969 428 1037 secularis,
446 973 528 1040 qnasi
547 973 698 1042 quamdam
711 974 863 1045 imaginem
879 992 953 1033 rnor-

127 1060 295 1117 tilleationis
312 1077 318 1126 ;
336 1075 530 1131 reversusque
556 1063 590 1117 ad
620 1063 764 1120 dominam
781 1080 872 1135 suain,
889 1082 952 1136 quaa

126 1150 240 1206 viderat
256 1150 280 1205 ei
297 1150 486 1206 renuntiavit.
505 1150 556 1206 llla
583 1153 759 1222 quantocius
776 1155 861 1211 missa
878 1156 952 1225 legn-

127 1239 205 1296 tione
218 1239 251 1295 au
271 1239 533 1306 abbatem,rna,enis
546 1242 684 1312 precibus
701 1243 778 1300 atad
795 1258 825 1300 se
840 1245 952 1300 veniret

128 1329 266 1400 optinuit,
292 1329 471 1398 ueniensque
489 1330 777 1388 nuntiumadventos
798 1333 888 1390 suiad
907 1350 954 1390 co·

129 1418 953 1489 misissemplanimetvtsonrinttomarturan-tusorum

129 1511 159 1563 et
175 1522 238 1577 quaa
255 1508 371 1563 conseia
388 1508 517 1577 proprie
530 1506 693 1565 nobilitatis
711 1509 954 1568 nulliuscurabat

129 1594 300 1665 dignitatem
317 1596 362 1652 rel
397 1610 549 1664 personam
567 1597 629 1666 eiras
645 1599 796 1668 temporis,
825 1600 954 1655 surrexit

130 1685 272 1740 velociter
285 1689 495 1741 utneeurreret
507 1685 616 1751 abbate
631 1686 805 1743 mirantibus
815 1687 954 1757 liliisejus

1008 525 1080 581 simo
1095 526 1182 597 hujus
1193 529 1267 586 artis
1277 533 1306 585 et
1324 530 1700 601 peritissimoAEdilrcavit
1712 534 1745 585 et
1758 528 1847 584 altare

1008 614 1034 668 in
1048 615 1157 671 bonore
1173 624 1281 675 sanctae
1295 624 1323 674 et
1340 618 1496 678 individuae
1521 620 1685 675 Trinitatis
1703 617 1741 673 ad
1762 617 1846 688 pedes

1008 705 1085 760 beati
1103 707 1236 776 liuberti,
1253 708 1300 764 ubi
1317 713 1347 765 et
1364 709 1484 764 maxima
1517 714 1623 765 sancto
1648 723 1701 762 um
1726 707 1843 778 pignora

1007 791 1154 863 deposuit.
1173 794 1241 862 Quae
1257 796 1351 852 omnia
1369 796 1524 854 nonrnutto
1543 795 1844 868 postilenricusepi·

1008 889 1288 956 seopus‚assumpto
1313 899 1411 942 seeum
1440 888 1590 942 Franenne
1617 883 1842 953 bellagradensi

1009 973 1146 1043 pontiden
1163 973 1229 1045 (81),
1246 975 1403 1044 qniseeum
1420 978 1489 1032 tunc
1506 975 1655 1045 temporis
1674 972 1841 1030 morabatur

1008 1060 1149 1132 Leodii,in
1167 1077 1269 1131 nratna
1283 1063 1524 1134 gloriaetleetitia
1541 1062 1709 1120 dedicavit.
1720 1062 1839 1120 Perfecit

1007 1151 1095 1207 etiam
1113 1151 1272 1222 praedictus
1284 1153 1375 1209 abbas
1388 1153 1519 1209 tabulam
1533 1154 1742 1210 aureamento
1755 1151 1840 1221 majus

1008 1239 1110 1309 altare,
1129 1240 1203 1311 quod
1219 1246 1264 1297 est
1280 1241 1306 1296 in
1324 1240 1435 1298 honore
1447 1241 1524 1299 beati
1537 1241 1618 1297 Petri
1633 1239 1838 1311 apostolorum

1009 1328 1159 1399 principis,
1172 1344 1255 1399 quani
1268 1329 1335 1385 olim
1347 1335 1477 1401 coeperat
1492 1328 1637 1386 ulbertus
1653 1329 1841 1392 abbasocea·

1008 1418 1089 1474 sione
1106 1419 1409 1477 conterendicalicem
1435 1434 1523 1476 unum
1549 1434 1677 1474 aureum
1706 1418 1838 1474 librarum

1008 1507 1122 1579 viginti,
1141 1509 1188 1578 qui
1203 1513 1325 1565 eotenus
1342 1514 1540 1585 permanserat
1564 1509 1591 1564 in
1624 1509 1706 1577 loco,
1722 1509 1842 1564 donatus

1009 1596 1076 1652 olim
1095 1597 1181 1653 beato
1197 1598 1357 1653 llarlmrtoa
1378 1598 1522 1655 Ludorieo
1539 1598 1591 1654 Pio
1624 1597 1728 1653 Karoli
1756 1597 1839 1666 lingni

1011 1685 1198 1757 imperatoris
1215 1684 1283 1742 filio.
1298 1686 1385 1742 Plura
1402 1692 1497 1742 autem
1515 1685 1642 1743 donaria
1656 1701 1715 1741 non
1733 1689 1838 1740 tantun

132 1773 256 1830 l'uleone
272 1778 301 1828 et
316 1773 498 1829 Guroleranno
511 1789 575 1844 qnae
600 1779 678 1831 esset
695 1775 769 1846 apud
788 1791 849 1832 cnm
875 1778 955 1833 riori·
970 1767 996 1828 B
1011 1773 1038 1831 in
1056 1779 1177 1843 argento
1190 1779 1219 1829 et
1232 1788 1416 1843 aur0,vernm
1433 1775 1520 1830 ctiam
1534 1773 1561 1829 in
1579 1789 1657 1829 auro
1681 1773 1776 1829 textis
1801 1786 1838 1828 or-

131 1862 203 1918 tatis
219 1863 306 1930 bajus
323 1862 483 1929 veneratio,
510 1878 610 1918 eorum
635 1868 801 1920 sustentata
826 1866 955 1922 braebiis

132 1951 245 2006 oleviam
264 1951 406 2020 processit
423 1950 532 2019 alrbati,
549 1950 702 2021 violamque
718 1968 781 2008 cum
793 1954 853 2023 jam
872 1956 907 2009 ab
922 1968 955 2010 ea

133 2038 348 2111 possederunt,
380 2037 629 2109 inclinatoeapite
659 2040 819 2098 humillima
849 2042 957 2098 saluta·

131 2128 211 2183 tione
228 2125 384 2182 honorarit
397 2145 403 2189 ;
416 2131 444 2182 et
461 2142 524 2183 cum
542 2132 607 2197 post
630 2128 790 2185 orationem
821 2129 957 2187 tuentius

134 2214 243 2284 alloqui
270 2229 333 2269 eum
352 2219 475 2284 posset:
504 2213 640 2283 Gratiae,
667 2215 771 2285 inquit,
801 2230 856 2288 epo
891 2216 956 2286 titt,

134 2302 315 2359 veneratae
336 2303 431 2373 preter,
447 2304 535 2374 ertjus
549 2303 684 2373 filioram
711 2304 829 2360 tertiam
853 2304 958 2361 aaudiat

132 2392 318 2459 reliptooem,
337 2392 566 2461 tqlrrqocrormn
588 2391 681 2462 bojon
704 2393 800 2449 nostro·
821 2394 959 2463 terrrpnris

136 2481 533 2552 sorrrleoptatonixodmam.
548 2481 676 2551 Cumque
685 2490 884 2537 renumeraret
895 2498 958 2552 quae

136 2571 279 2627 retulerat
295 2572 320 2626 ei
334 2569 624 2639 cubiculariussuus,
641 2574 669 2627 et
689 2586 739 2642 per
761 2576 860 2627 mutua
872 2571 960 2628 edisi-

136 2670 261 2725 cationis
277 2668 422 2738 colloquia
435 2668 613 2738 aliquamdiu
629 2669 655 2724 in
686 2669 805 2725 llonrino
833 2669 960 2725 (telema-

137 2758 360 2827 rcntar,0btulit
375 2757 472 2812 abbati
483 2755 635 2813 ecelesiam
648 2757 683 2813 de
696 2756 764 2814 fiseo
778 2758 958 2829 anslarntitbl

137 2851 280 2919 perpetuo
295 2846 454 2902 nabendum
471 2846 497 2900 in
512 2861 583 2903 usus
599 2847 730 2913 fratrum,
750 2847 880 2917 praelatis
893 2846 960 2902 liliis

1011 1862 1154 1918 namentis
1169 1867 1198 1918 et
1210 1862 1304 1920 libris.
1321 1864 1406 1918 teme
1423 1863 1544 1932 praelato
1564 1862 1714 1932 principe,
1731 1873 1839 1929 quana

1012 1950 1178 2007 Guatcaudo
1197 1950 1334 2020 pontitlee
1349 1951 1515 2007 eidemloco
1527 1948 1637 2006 collata
1657 1950 1839 2018 inerantque

1012 2039 1057 2094 rel
1072 2038 1296 2095 inhabitantium
1313 2039 1496 2110 simplicitas
1509 2039 1555 2096 rel
1567 2042 1783 2095 extraneorum
1800 2037 1840 2091 ab

1013 2127 1111 2183 batum
1125 2127 1181 2199 (82)
1212 2115 1499 2199 aut'praepositorum
1513 2127 1675 2198 dissipavit
1692 2126 1839 2182 temeritas

1013 2219 1063 2271 ent
1079 2216 1242 2285 asportavit
1256 2231 1309 2286 per
1327 2216 1494 2272 abusionem
1506 2219 1534 2272 et
1552 2214 1755 2285 cupiditatem
1765 2212 1840 2269 ellre

1014 2317 1079 2368 nata
1098 2314 1282 2383 impudenter
1298 2313 1491 2370 lieentiased
1506 2318 1534 2371 et
1553 2311 1611 2384 ipsi
1634 2313 1752 2369 nostris
1780 2315 1841 2367 ten·

1013 2403 1136 2472 poribus
1153 2401 1279 2459 vidimus
1307 2402 1446 2472 quosdam
1468 2416 1540 2472 quos
1574 2415 1629 2457 nec
1654 2399 1841 2456 nominandos

1014 2491 1191 2560 censuimus,
1209 2491 1348 2560 quiquasi
1365 2488 1841 2548 occasionenoncurandaevetus·

1013 2579 1085 2634 tatis
1101 2578 1190 2635 intrita
1204 2579 1397 2635 incenderunt
1407 2594 1440 2635 ea·
1452 2579 1562 2636 eisdem
1575 2577 1754 2634 auretextis
1766 2589 1841 2631 orna·

1014 2669 1131 2738 mentis,
1160 2682 1191 2722 re
1216 2673 1389 2724 autemvrra
1403 2667 1457 2722 boe
1473 2665 1565 2722 inoliti
1595 2665 1769 2735 eupiditate
1784 2664 1841 2719 auri

1014 2756 1119 2813 exinde
1136 2756 1277 2825 rapiendi.
1295 2755 1368 2821 Quid
1382 2756 1417 2812 de
1433 2755 1575 2812 librorum
1591 2753 1787 2824 dispersione
1802 2750 1841 2807 rel

1014 2844 1207 2903 distractione
1224 2845 1522 2913 memorandanr,cum
1538 2844 1678 2913 etipsum
1690 2840 1841 2898 auroscri·

1015 2939 1095 3003 ptum
1113 2931 1376 3004 psalteriumquod
1389 2930 1521 2987 Ludoviei
1540 2930 1699 3000 imperator
1711 2929 1737 2985 is
1754 2929 1840 2985 luerat

1016 3022 1176 3093 proprium,
1193 3022 1257 3091 ejus
1274 3021 1397 3090 imagine
1419 3021 1446 3075 in
1477 3018 1626 3090 principii
1660 3017 1839 3087 insignitum,

137 2938 201 3005 eius
217 2936 957 2993 landanttunsetcorinnnamiuusuoeiitennonina.

137 3025 245 3083 videns
261 3027 350 3081 oblias
366 3026 479 3094 copiam
493 3040 660 3095 magnorum
676 3025 802 3095 tapidum
817 3024 843 3079 in
862 3025 960 3080 lurida-

139 3119 236 3171 mento
249 3115 358 3170 veteris
373 3114 517 3183 quondam
548 3113 685 3182 civitatis,
704 3129 779 3169 nune
796 3119 892 3170 autem
908 3128 960 3183 pro
976 3121 1001 3184 0
1016 3110 1091 3182 apud
1106 3114 1206 3166 urbem
1223 3110 1385 3166 tullensem
1404 3108 1492 3165 luerit
1508 3107 1673 3175 venditum,
1706 3104 1792 3176 quasi
1816 3104 1839 3158 in

138 3201 253 3260 castelli
270 3202 414 3259 maenibus
426 3200 613 3271 adbreviatis,
623 3207 796 3270 suggerente
810 3201 961 3256 lamberto
1015 3204 1115 3255 extera
1132 3197 1278 3268 prmineta
1294 3197 1428 3254 securius
1444 3195 1483 3252 ibi
1501 3195 1669 3252 celandum.
1687 3194 1790 3250 [lirina
1805 3196 1830 3247 ta

139 3292 256 3360 rnajore,
273 3306 310 3346 ex
324 3291 435 3347 eisdem
452 3289 599 3360 lapidibus
609 3289 741 3367 ecelesiae
757 3289 858 3345 donari
875 3302 962 3359 expe·
1017 3302 1081 3342 men
1098 3285 1254 3356 dispositio
1276 3285 1409 3340 restituit
1439 3282 1510 3340 illud
1537 3282 1674 3340 ecclesiae
1703 3295 1768 3338 suae
1795 3281 1840 3335 boc

138 3382 184 3437 tiit
202 3378 899 3450 qnantumsuulcerotadadiurationemeriptae
917 3376 961 3432 uel
1017 3376 1112 3433 rrrodn.
1132 3372 1330 3429 uaterdomni
1363 3387 1444 3444 popm
1470 3373 1573 3429 lconis
1602 3372 1638 3428 lll
1656 3371 1717 3439 (83)
1747 3368 1840 3424 renale

139 3448 425 3526 claustrilribenter
446 3467 494 3523 illa
525 3467 600 3536 quod
617 3466 771 3536 petebatur
790 3464 961 3530 eoncessit;
1017 3464 1088 3520 illud
1107 3462 1350 3531 irrvcniensemit,
1369 3467 1399 3517 et
1414 3461 1507 3519 eidem
1525 3460 1583 3516 tilio
1605 3475 1661 3516 suo
1679 3466 1750 3515 tunc
1781 3459 1841 3514 Bra·

140 3558 232 3615 sedet
249 3557 393 3629 operariis
408 3555 550 3624 ecciesiae,
564 3554 701 3625 quamdiu
714 3554 751 3609 ibi
765 3559 960 3619 morarentur,

140 3650 168 3704 e‘.
187 3647 342 3717 hospitium
364 3651 391 3700 et
408 3645 517 3701 rictum
538 3643 680 3714 promisit.
698 3641 856 3712 Respondit
873 3641 964 3698 abbas

141 3735 252 3806 gratias
268 3735 317 3790 ltei
335 3733 538 3804 omnipotenti,
549 3730 717 3804 Adeiadi,et
733 3730 871 3800 ssliisejns
885 3745 964 3786 reve-

141 3831 241 3882 renter
256 3822 437 3893 valedixit,et
456 3823 491 3880 ad
505 3823 713 3879 monasterium
727 3819 826 3876 rediit.
843 3822 965 3890 lloxque

142 3938 156 3978 a
175 3917 964 3991 Leodiocaesoribusconductis,criptametelanstrnm

143 4010 171 4066 in
186 4015 359 4082 praesentem
375 4014 482 4065 statum
504 4008 680 4079 corrrpnsnit,
698 4006 828 4062 adrectis
844 4005 880 4059 ab
896 4006 966 4060 Ara·

143 4100 236 4157 leonis
252 4099 415 4168 colurupnis
428 4114 491 4155 eum
504 4096 652 4167 capitellis
677 4101 705 4150 et
723 4095 805 4151 basila
829 4093 916 4150 esuis
936 4097 967 4147 et

144 4188 279 4245 altarium
297 4187 413 4243 iriensis.
426 4186 514 4242 ,traxit
528 4184 615 4240 etiam
632 4183 761 4240 oratoria
777 4197 792 4238 a
808 4182 922 4239 dextris
937 4186 967 4238 et

145 4292 158 4332 a
177 4277 305 4335 sinistris
320 4275 465 4339 eeclesiam
482 4280 511 4331 et
523 4288 537 4328 a
549 4271 786 4343 dextr'sqndem
801 4269 966 4326 trutmoniam

1018 3553 1096 3622 noni,
1113 3557 1144 3608 ut
1161 3552 1187 3606 in
1203 3566 1237 3607 eo
1248 3551 1376 3622 psalmos
1391 3549 1558 3606 addisceret
1570 3547 1757 3618 dispensarit
1775 3545 1840 3614 ;sed

1018 3657 1081 3700 cum
1099 3642 1127 3696 in
1144 3640 1348 3710 alioquolibet
1365 3638 1505 3709 psalterio
1521 3643 1552 3694 et
1564 3636 1653 3708 plane
1676 3636 1801 3706 legeret,
1816 3643 1841 3691 et

1019 3730 1103 3787 facile
1112 3729 1188 3799 qnod
1198 3728 1330 3784 discebat
1340 3725 1520 3794 redderet,in
1531 3723 1581 3780 illo
1591 3731 1710 3780 tanlam
1723 3725 1842 3780 incurre-

1020 3820 1069 3876 bat
1083 3816 1159 3874 tales
1169 3815 1391 3884 offensiones,ut
1403 3813 1491 3869 nimio
1503 3812 1592 3869 tedio
1606 3826 1622 3868 a
1635 3811 1843 3868 lectioneoide

1020 3914 1101 3966 retur
1118 3905 1253 3962 delicere.
1263 3903 1383 3960 Nolebat
1397 3917 1472 3960 enirn
1485 3901 1614 3973 Spiritus
1627 3901 1843 3968 monteserico

1020 3994 1175 4053 electionis
1188 4007 1238 4050 vas
1254 3993 1329 4049 idem
1349 4006 1419 4063 puer
1437 3992 1554 4047 suturas
1579 3998 1657 4059 crat,
1675 4004 1714 4046 ne
1729 3988 1843 4057 alicujus

1021 4083 1165 4154 sacrilegii
1182 4087 1320 4139 contactu
1332 4082 1377 4137 vel
1395 4080 1566 4150 ignoranter
1582 4079 1843 4135 contaminaretur.

1022 4174 1325 4231 lliranteveromatre
1342 4171 1385 4227 sie
1415 4169 1504 4226 tiliam
1526 4169 1555 4224 in
1577 4166 1726 4240 psalterio
1754 4165 1845 4223 adrer-

1022 4263 1090 4331 sari,
1109 4261 1220 4319 audivit
1237 4258 1374 4329 aurigante
1400 4259 1472 4314 larana
1503 4257 1593 4314 tuisse
1612 4256 1688 4312 illud
1720 4253 1846 4314 ecclesia

146 4367 239 4421 beatae
257 4366 350 4422 ltrrriae
363 4364 398 4420 ad
417 4364 540 4419 trienium
557 4362 649 4418 altare
667 4375 747 4417 trevae
772 4360 875 4429 cripte
890 4365 967 4415 tran·
1023 4351 1099 4410 beati
1113 4350 1223 4406 liubert
1238 4352 1285 4417 ,ct
1298 4345 1647 4417 marttiplieianatbemate
1659 4343 1848 4415 perdixersas

145 4453 239 4518 stult,
258 4459 286 4508 ct
304 4451 408 4506 ibidem
425 4451 517 4506 altare
530 4450 622 4506 saneti
639 4448 776 4516 Stephani
804 4454 967 4518 protomar·
983 4478 1008 4537 D
1024 4447 1160 4518 regiones
1177 4444 1320 4516 publicem
1336 4443 1401 4513 ejus
1416 4442 1607 4512 questionem
1626 4440 1705 4499 iteri.
1735 4441 1791 4494 Nee
1806 4435 1851 4492 diu

145 4541 401 4614 tpissnnstnut,
424 4540 578 4595 asinistris
607 4553 676 4595 vern
692 4537 857 4592 memoriam
890 4535 968 4592 treati
1025 4527 1853 4601 inoratamlocunproperavit,pnernrnqnsecunde

147 4629 261 4686 llartini
279 4633 308 4683 ut
335 4630 430 4684 luerat
446 4626 575 4696 reliquit,
593 4626 757 4695 ibidemque
783 4624 969 4680 extrinsecus
1025 4623 1118 4689 duxit,
1134 4626 1162 4676 et
1173 4620 1385 4677 absolutionem
1397 4619 1483 4688 bujrrs
1499 4632 1560 4673 siae
1572 4616 1854 4687 ignorantiaebnml·

148 4733 251 4776 norrun
268 4717 428 4774 oratorium
444 4715 602 4783 exstruxit,
619 4716 695 4783 quod
713 4713 821 4769 uisitur
844 4711 880 4768 ad
906 4727 971 4768 san-
1026 4710 1093 4766 liter
1120 4707 1324 4780 expostulans,
1347 4706 1518 4778 psalterium
1543 4705 1685 4762 ecetesiae
1719 4704 1855 4764 reddidit.

148 4815 223 4866 ctam
237 4807 409 4874 ierusalem,
431 4820 465 4861 eo
480 4803 555 4875 quod
581 4803 731 4859 dominicae
754 4803 912 4873 sepulture
941 4805 970 4858 et
1026 4798 1140 4855 Obtulit
1155 4797 1242 4852 etiem
1256 4811 1307 4867 pro
1324 4792 1641 4852 satisfactionelibrum
1661 4809 1759 4851 arnum
1771 4807 1861 4852 saera·

149 4896 376 4954 resurrectionis
392 4894 719 4963 contineatexprcssam
737 4889 969 4947 similitudinem.
1027 4894 1201 4955 mentorum,
1219 4901 1266 4956 qur
1284 4889 1385 4956 postea
1398 4882 1524 4939 donatus
1540 4884 1587 4936 est
1605 4882 1755 4938 ecclesian
1773 4883 1862 4940 beate

149 4985 327 5044 illuminavit
342 4998 457 5057 quoque
469 4983 595 5039 oratoria
616 4995 680 5051 quae
705 4982 894 5037 exstruxerat
912 4977 973 5050 pnt-
1027 4990 1141 5046 semper
1158 4973 1279 5044 virginis
1295 4971 1399 5042 liar-ias,
1411 4983 1474 5041 quae
1489 4984 1540 5027 sua
1553 4967 1613 5040 (84)
1629 4972 1676 5027 est
1695 4970 1784 5028 beati
1815 4972 1864 5026 lla·

152 5075 305 5132 cherrimis
334 5072 483 5145 fenestris,
502 5071 626 5143 quodam
649 5071 762 5140 ltoqero
779 5067 925 5127 conducto
938 5065 973 5122 ab
1029 5065 1105 5121 berti
1120 5063 1197 5137 apud
1209 5060 1370 5120 (labellum.

939 5160 1053 5220 NOTAE.

189 5275 242 5345 (80't
256 5274 372 5333 Anlicr.
391 5276 428 5333 R.

1030 5271 1109 5326 tata.

189 5344 246 5414 (81)
262 5344 331 5412 Quis
347 5347 393 5403 bic
409 5345 506 5415 inerit,
520 5358 663 5416 nusquam
679 5341 774 5401 inveni
788 5359 795 5410 ;
809 5355 845 5401 eo
860 5339 975 5397 nomine
1066 5338 1122 5409 (ὃῖ)
1137 5335 1325 5394 Prnmienses
1349 5332 1506 5406 aliqnando
1536 5328 1761 5403 andaginense
1778 5347 1867 5394 mom·

153 5415 285 5487 episcopi
302 5417 439 5473 ulnarum
456 5415 674 5483 llaritimarum,
689 5415 772 5472 Zara
785 5412 916 5481 venetic,
947 5411 973 5467 iu

1030 5411 1154 5467 sterium
1170 5407 1283 5463 rexisse
1298 5406 1441 5462 teruntur.

154 5485 306 5557 Dalmatia,
335 5492 365 5542 et
390 5486 527 5544 albaram
555 5485 707 5555 luliarum,
748 5483 920 5554 curacura,
947 5482 974 5538 in
1066 5476 1473 5552 (titilleileixidexocatura
1503 5472 1866 5545 uineaeqcemtussan

154 5557 372 5628 Transylvania,
390 5558 490 5613 nescio
501 5571 537 5612 an
553 5557 639 5613 etiam
653 5556 731 5612 albae
747 5555 853 5626 Regina,
869 5552 976 5613 Stant
1031 5551 1139 5621 ierunt,
1156 5547 1382 5620 basburgensis.

154 5627 367 5701 encaeniare,
381 5627 425 5684 usi
440 5627 598 5684 suntllum
610 5626 732 5697 Betgrad
744 5642 770 5682 v.
801 5638 890 5697 supra
916 5623 973 5681 col.

1067 5622 1123 5692 (itt)
1139 5622 1159 5676 l.
1175 5633 1201 5676 e.
1219 5617 1348 5691 propria.
