3788 6000
88 125 146 191 tte

576 118 760 197 uuooms
780 66 955 207 neonus
974 71 1316 182 mummncnnsrs

1732 114 1789 181 aab

88 250 291 326 rihuspcpuli,
304 249 370 322 quia
383 253 520 324 optarent
531 263 582 308 eos
593 250 692 323 potius
703 251 732 308 in
743 252 846 309 eodem
857 249 908 308 mi·
923 250 950 309 Α
965 252 1048 322 Rogo
1063 264 1114 308 rex
1129 250 1220 308 ltaliae
1236 264 1251 307 a
1267 251 1356 308 Roma
1382 246 1507 318 recedit,
1523 259 1595 320 paee
1623 246 1701 306 taeta
1724 261 1789 306 cum

87 340 174 397 litare
189 339 348 412 episcopio,
368 353 453 410 quam
469 337 504 395 ad
528 338 605 395 alind
632 339 803 409 demigrare.
822 338 908 396 Ronis

88 433 183 486 tamen
199 434 228 485 et
244 427 441 484 laudabilibus
461 442 560 483 eorum
584 427 690 484 studiis
713 431 743 482 et
767 426 908 497 exemplis

88 517 192 588 religio
216 517 324 586 regule
351 516 567 586 monachornm,
585 520 613 571 ct
631 516 728 572 servor
752 515 864 571 ordinis
879 515 908 570 in

88 607 190 662 eodem
207 604 340 662 coenobio
355 608 384 660 et
399 604 426 658 in
445 603 618 675 quibusdam
642 603 707 660 aliis
722 618 774 675 per
788 618 908 673 regnum

88 693 280 751 lothariense
296 695 458 764 reparatur.
476 692 589 747 interea
605 706 722 748 emenso
743 706 818 747 anno
835 693 908 748 Bosa

90 782 180 838 irater
193 781 269 850 rogis
278 796 342 837 cum
354 779 490 835 lleinrico
502 781 713 850 pacatur,etab
725 795 760 836 eo
772 784 909 851 receptus

89 875 143 928 est.
161 868 304 926 Rodullus
321 882 434 938 quoque
449 881 500 923 rex
515 868 642 924 Franciae
657 872 686 924 ct
702 868 845 925 Rodnlius
858 883 910 924 ren

88 958 221 1015 lunensis
237 972 301 1013 cum
318 970 352 1011 eo
366 955 522 1011 amicitiam
538 956 738 1027 paciscuntur.
751 959 824 1014 Rosa
841 973 909 1014 rere

90 1047 117 1102 in
130 1043 484 1118 expeditioneobsidicnis
495 1045 586 1100 castri
599 1047 695 1103 Sancti
709 1045 838 1111 Quintini
852 1061 910 1101 mo·

89 1134 174 1203 ritnr,
192 1138 220 1188 cl
237 1132 335 1187 Remis
352 1132 387 1187 ad
408 1134 545 1189 Sanctum
567 1133 728 1203 Remigium
755 1132 907 1204 sepelitur.

90 1223 222 1294 (loidi.)
243 1221 370 1292 Rnngari
396 1236 449 1293 pcr
474 1222 670 1290 Burgundiam
695 1222 907 1292 diffunduntur,

90 1311 207 1384 praedis,
223 1310 365 1366 incendiis
381 1310 566 1380 etcaedibus,
584 1324 639 1366 non
664 1310 712 1367 diu
738 1314 844 1382 tamen,
863 1310 910 1366 de-

90 1397 910 1470 bacchati;compertoRodulRregisadrcntu,inltaliam

965 339 1101 396 hiberico
1116 340 1251 411 patricio.

1002 432 1082 485 harno
1099 429 1135 484 ab
1149 429 1204 484 inc.
1223 431 1302 485 born.
1319 431 1381 496 937,
1398 424 1561 482 Ludovicns
1577 439 1628 482 rex
1644 426 1681 481 ab
1695 427 1791 495 Rogo-

965 517 1009 573 nis
1025 532 1055 573 se
1071 517 1276 588 procuratione
1291 517 1416 586 separat.
1435 515 1475 570 Eo
1491 528 1565 569 anno
1579 513 1643 569 celi
1661 529 1730 585 pars
1745 529 1790 570 ar-

965 607 1035 662 dere
1051 606 1121 675 risa,
1138 610 1168 660 ct
1184 605 1219 660 ab
1235 604 1336 661 eadem
1357 606 1441 674 parte
1465 604 1666 672 hungarorum
1691 617 1790 674 persc-

966 695 1068 766 quutio
1085 695 1239 764 insequuta
1251 696 1307 762 est,
1322 706 1377 762 qua
1390 690 1465 747 villae
1481 695 1510 745 et
1526 689 1587 760 agri
1604 689 1788 762 depopulati,

966 783 1069 839 donans
1086 782 1272 852 basilicaeque
1288 781 1487 850 conflagratae,
1500 779 1683 850 captivorum
1699 779 1790 835 abdu-

965 877 1013 928 cta
1026 871 1190 927 multitudo.
1200 867 1793 941 Nonnullastamenecclesiasignibusap-

966 959 1075 1032 plicitis
1092 958 1272 1016 succendero
1288 957 1493 1028 nequiverunt.
1505 959 1535 1012 in
1552 956 1679 1013 ccclesia
1696 959 1789 1014 sancti

965 1048 1061 1106 Basoli
1079 1063 1143 1104 cum
1165 1047 1281 1118 quidam
1298 1049 1499 1117 hungarorum
1523 1046 1683 1103 ascendere
1701 1061 1790 1119 super

967 1137 1059 1194 altare
1074 1137 1170 1193 nitens
1186 1151 1286 1193 arcum
1299 1150 1382 1192 manu
1395 1134 1598 1207 applicuisset,
1611 1150 1716 1192 manus
1727 1136 1792 1206 ejus

967 1225 1090 1282 adhesit
1105 1225 1205 1297 lapidi,
1223 1239 1275 1281 nco
1289 1223 1405 1280 omnino
1422 1223 1515 1294 quivit
1529 1223 1626 1294 avelli,
1638 1223 1731 1280 donce
1747 1239 1793 1282 ce

967 1312 1790 1384 terissaxumeireamanumipsamincidentibnspartem

968 1403 1058 1474 ipsam
1077 1402 1184 1474 lapidis
1201 1403 1227 1458 in
1244 1403 1372 1459 onmium
1387 1401 1579 1458 admiratione
1598 1403 1732 1472 perterre
1747 1418 1793 1459 co

88 1490 281 1545 transmeant.
306 1487 375 1557 (Cir.
391 1487 458 1544 Ser.
476 1485 541 1544 abb.
557 1486 617 1557 Fl.)
634 1488 746 1543 iicrveo
770 1487 909 1558 episcopo
967 1490 1697 1562 gereturcthnicus.Quidampresbytereaptnsah
1710 1492 1792 1549 cisct

91 1576 261 1646 decedente,
270 1574 635 1633 RomnndussubRcdullo
643 1576 911 1646 rtgcsubstituitur
925 1609 953 1670 Β
967 1580 1097 1638 vinealis
1115 1578 1264 1651 alligatus,
1277 1578 1458 1636 revelatione
1473 1578 1569 1634 divina
1581 1584 1626 1634 cst
1637 1578 1790 1637 liberatus.

92 1664 140 1736 qui
159 1664 353 1721 colticensem
370 1664 514 1720 abbatiam
531 1663 588 1736 (75)
603 1664 767 1735 destruens,
784 1663 910 1722 colticas
969 1669 1021 1736 Qui
1040 1675 1195 1741 postquam
1212 1669 1339 1740 patriam
1354 1668 1530 1739 domumque
1546 1668 1676 1739 repetiit,
1690 1668 1793 1725 rotulit

92 1759 222 1810 castrum
244 1753 400 1825 edificavit,
417 1756 445 1808 et
472 1755 627 1811 Curcuscm
653 1755 911 1825 similiter,‘1‘etrae
969 1757 997 1812 in
1013 1757 1114 1813 eadem
1130 1756 1303 1828 captivitate
1328 1756 1416 1812 luisse
1438 1754 1609 1813 monachum
1635 1755 1790 1826 quendam,

93 1848 244 1914 pertusum
260 1842 417 1913 exstruxit,
430 1845 459 1898 ct
477 1842 543 1899 Rliis
560 1847 588 1898 ct
606 1841 744 1900 filialibus
761 1843 822 1900 suis
838 1844 911 1900 bona
968 1845 1149 1902 Ruebaldnm
1160 1844 1707 1916 nominc,Orbaeensiscoenobii,quem
1721 1846 1794 1903 mul·

93 1931 292 1990 aecclesiarum
308 1935 336 1988 et
352 1935 529 2003 castraque
549 1931 659 1987 lecerat
683 1931 763 1986 dedit
779 1931 845 2003 (76).
861 1935 913 1991 iiie
968 1935 1059 1990 toties
1074 1933 1183 1989 ethnici
1199 1933 1348 1990 trucidare
1364 1931 1530 2004 uoluerunt,
1546 1937 1577 1989 et
1597 1947 1714 1990 earnem
1730 1934 1794 2003 ejus

93 2027 159 2094 post
174 2020 264 2077 multa
280 2020 353 2076 mala
371 2024 487 2092 patrata
502 2034 518 2076 a
534 2022 636 2076 saneto
651 2020 791 2090 Gregorio
816 2021 914 2092 lingul-
968 2023 1098 2079 incidere
1112 2037 1169 2079 non
1183 2021 1347 2079 valuerunt.
1361 2021 1472 2079 Nudum
1488 2036 1636 2092 ergoeum
1650 2022 1786 2079 inmerito

93 2110 171 2166 latus
188 2109 310 2165 interiit.
969 2112 1096 2184 positum
1112 2112 1229 2181 sagittis
1240 2098 1399 2183 appetiere,
1410 2126 1463 2168 nse
1475 2111 1578 2167 saitem
1589 2112 1794 2168 cutcmralue-

129 2199 189 2271 (iol.
206 2197 270 2270 (ἰδ’.)
288 2201 369 2254 huno
385 2200 422 2255 ab
436 2199 544 2255 incarn.
562 2199 641 2254 bom.
659 2201 720 2269 aad,
737 2214 789 2255 rex
807 2201 914 2257 Rodnl-
970 2205 1037 2256 runt
1048 2213 1193 2271 rumpere.
1207 2198 1385 2256 Rcsilicbant
1398 2200 1434 2254 ab
1445 2198 1509 2269 cius
1524 2214 1647 2271 corpore
1662 2201 1791 2271 sagittae,

93 2290 140 2346 lus
155 2289 265 2358 absque
280 2286 381 2344 liberis
395 2286 573 2357 defungitur,
585 2302 649 2343 narn
660 2288 825 2346 Luduricus
836 2289 913 2347 tilius
971 2289 1052 2360 qnasi
1067 2290 1103 2344 ah
1122 2292 1276 2344 adamante
1302 2288 1439 2359 repulsae,
1456 2301 1508 2344 nec
1533 2288 1646 2359 signum
1672 2289 1794 2361 aliquod

92 2377 164 2448 eius,
183 2392 266 2449 quem
282 2376 383 2433 habuit
403 2391 438 2432 cu
461 2377 558 2432 Ennna
584 2377 694 2448 regina,
712 2382 779 2434 ante
801 2379 912 2436 obitum
971 2378 1131 2450 apparebat
1147 2379 1175 2433 in
1191 2382 1269 2435 cute.
1289 2377 1390 2434 Gladio
1405 2392 1470 2434 eum
1495 2393 1560 2434 cum
1585 2379 1662 2434 omni
1685 2384 1794 2436 conatu

94 2466 187 2538 patris
207 2470 253 2522 cst
278 2466 433 2522 defunctus
458 2464 579 2534 (Circa.
596 2464 687 2537 Dia).
708 2466 816 2539 [Facu]
831 2470 913 2538 Rogo
970 2467 1025 2524 nisi
1038 2472 1106 2524 sinat
1118 2472 1283 2539 percutere,
1296 2466 1524 2523 etnihilominus
1536 2481 1605 2523 caro
1616 2467 1794 2524 intemerata

92 2556 211 2625 Magnus
222 2569 319 2611 comcs
329 2558 412 2610 trans
424 2569 503 2611 mare
514 2554 604 2609 mittit
616 2557 867 2627 proacecrsicndo
877 2558 911 2615 ad
971 2557 1138 2629 permansit.
1150 2555 1292 2613 Radnllns
1303 2555 1438 2612 lunensis
1454 2554 1608 2626 Cisalpinae
1623 2555 1725 2613 Galliae
1742 2572 1794 2612 rex

94 2644 174 2715 regni
190 2644 301 2715 apicem
326 2643 470 2701 haderico
494 2643 589 2700 Caroli
612 2645 679 2715 tilio,
698 2660 783 2716 quom
800 2661 852 2702 res
868 2646 914 2703 nl·
969 2645 1063 2711 obiit;
1084 2644 1234 2702 conradus
1256 2644 1397 2701 succedit.
1425 2645 1506 2714 Hugo
1531 2658 1645 2715 quoque
1670 2645 1794 2702 Roberti

94 2737 218 2789 stannus
233 2731 394 2788 avunculus
418 2732 510 2804 ipsius
533 2736 655 2804 accepto
677 2733 868 2804 iureiurando
898 2749 913 2791 a
970 2733 1194 2790 Rlinssororem
1210 2731 1572 2803 Othonis,regisileinriei
1590 2731 1687 2803 tiliam,
1706 2735 1794 2790 sorti·

93 2822 270 2877 Francorum
287 2820 393 2891 legatis
416 2821 565 2878 Franciam
585 2836 650 2878 eum
666 2823 839 2893 quibusdam
854 2825 913 2896 epi·
968 2826 1019 2879 tur
1030 2837 1150 2879 uxorem
1167 2821 1288 2891 (Cicron.
1303 2821 1386 2894 Dic.)
1404 2826 1486 2877 Anno
1502 2820 1629 2878 secundo
1646 2820 1795 2892 badonici,

93 2909 192 2983 scopis
203 2915 232 2967 et
245 2910 310 2967 aliis
322 2910 458 2969 fidelibus
468 2910 647 2982 suisdirigit.
658 2912 709 2969 Cui
721 2913 835 2970 chriam
848 2930 913 2986 pro·
929 2962 954 3025 G
969 2911 1020 2966 Rlii
1031 2910 1125 2966 tlaruli
1136 2909 1293 2981 Simplicis,
1307 2910 1463 2966 ordinatus
1473 2912 1518 2965 cst
1536 2908 1661 2966 ricuinus
1677 2909 1799 2966 Fulche·

93 3004 189 3061 iectus
200 3005 244 3059 est
256 3003 337 3072 lingo
348 3016 413 3058 eum
426 3002 790 3073 Francornmproeeribus.
800 3005 830 3059 in
843 3004 914 3076 ipsis
969 3001 1127 3057 rinsahhas
1138 2996 1522 3069 Flaviniacensis,quietiam
1534 2997 1611 3054 rexit
1622 2998 1797 3056 divionense

93 3092 223 3149 littoreis
239 3092 337 3148 arenis
351 3092 427 3163 apud
439 3077 600 3147 Bononiam
612 3106 643 3147 sc
654 3091 697 3147 ilii
714 3093 911 3165 conimittunt,
970 3087 1136 3159 quindecim
1152 3086 1244 3142 annis.
1264 3085 1341 3155 (Ser.
1360 3087 1424 3143 add.
1442 3085 1501 3156 rt.)
1518 3087 1569 3143 iiic
1584 3091 1689 3144 octavo
1716 3102 1791 3145 anno

94 3187 124 3239 ut
141 3186 204 3258 erat
222 3181 495 3251 utrinquepaetum.
507 3178 576 3235 inde
590 3180 757 3237 Randanum
770 3181 915 3241 deductus
970 3177 1121 3248 regianinis
1136 3175 1357 3232 Rierosulimam
1375 3175 1526 3247 protectus
1542 3181 1596 3246 cst,
1615 3180 1644 3232 et
1659 3176 1794 3247 reliquiis

94 3286 126 3328 ac
139 3269 229 3339 regali
242 3268 445 3325 bencdictione
458 3268 579 3338 ditatus,
589 3268 747 3338 ungiturct
758 3275 916 3328 coronatur
969 3265 1109 3340 pretiosis
1135 3280 1271 3323 reversus
1296 3263 1400 3321 ditarit
1424 3263 1577 3320 ecclesiam
1608 3279 1700 3321 suam.
1718 3264 1796 3320 Obiit

95 3358 132 3416 ah
144 3357 264 3414 hrtaido
275 3356 408 3413 Remensi
420 3355 652 3428 archiepiscopo,
665 3359 860 3429 presentibus
872 3376 916 3416 rc-
971 3362 1076 3427 quarto
1091 3354 1234 3411 Kalendas
1249 3353 1323 3424 blaii,
1333 3353 1380 3410 cui
1391 3353 1532 3410 successit
1545 3352 1611 3410 biiio
1628 3354 1797 3423 Ragahren·

94 3447 144 3518 gni
161 3446 380 3518 primoribusac
392 3445 539 3518 episcopis
551 3445 695 3517 vigintiet
706 3447 841 3519 amplius.
852 3450 916 3506 lton
972 3445 1025 3516 sis,
1043 3448 1071 3501 ct
1089 3444 1273 3517 privilegium
1290 3457 1304 3498 a
1321 3457 1395 3514 papa
1411 3443 1548 3514 optinuit.

96 3535 293 3607 Burgundiam
310 3535 428 3604 adeunt,
445 3539 474 3590 ct
497 3535 598 3592 urbem
621 3535 813 3605 Linguonnm,
829 3552 916 3608 quam
1009 3537 1090 3591 hano
1102 3530 1796 3604 039,Rornuinnsvirdunensisepiscopusohiit;

96 3625 300 3696 liugoCapito,
310 3624 916 3696 traterrcgisRodnlii,ceperat,obsident;
972 3628 1003 3680 et
1019 3623 1224 3680 Lotbarienses
1239 3621 1381 3677 Othonem
1398 3635 1493 3691 regem
1507 3635 1591 3676 sumn
1603 3620 1754 3690 deserunt,
1767 3626 1798 3676 et

96 3712 524 3785 fugientibusquecustodibus,
534 3713 596 3770 sine
605 3714 748 3771 belloeam
761 3715 916 3787 rccipiunt,

96 3802 285 3875 acceptisque
301 3801 455 3859 obsidibus
474 3803 510 3858 ab
525 3803 672 3875 episeopis
697 3809 726 3859 et
744 3804 918 3876 prirnatihus

97 3891 282 3970 Burgundiae,
300 3891 433 3948 Parisios
449 3891 582 3949 redeunt.
607 3894 688 3963 Rogo
711 3893 829 3964 Magnus
853 3909 917 3950 crim

96 3983 215 4053 Hugone
232 3980 333 4054 Capito
349 3980 486 4037 Richardi
503 3979 571 4052 Rlio,
585 3981 692 4053 partita
708 3982 786 4038 inter
801 3997 832 4038 se
847 3983 920 4038 Bur·

96 4071 215 4142 gandia,
229 4085 328 4142 pacem
338 4068 583 4139 iaciunt.(0hren.
597 4070 678 4142 Diu.)
690 4072 760 4126 Post
771 4073 918 4140 Rogonom

98 4160 200 4231 Capito
215 4158 398 4217 Gislehertus
410 4159 546 4216 ducatum
559 4159 696 4216 obtinuit.
709 4159 856 4216 Luduvico
868 4160 919 4229 igi·

973 3712 1119 3770 Ludovico
1136 3726 1167 3767 se
1182 3710 1366 3767 committere
1383 3712 1496 3782 parant,
1514 3709 1562 3780 qni
1586 3723 1638 3766 eos
1664 3710 1797 3781 recipcre

974 3800 1090 3859 distulit
1104 3801 1140 3856 ob
1157 3799 1312 3856 amicitiam
1327 3803 1443 3871 pactam
1461 3799 1536 3853 inter
1551 3813 1582 3855 se
1597 3801 1626 3855 et
1638 3798 1796 3855 Othonem.

974 3894 1082 3948 lterum
1099 3904 1213 3961 quoque
1230 3904 1367 3961 proceres
1382 3888 1474 3959 regni,
1493 3888 1676 3945 Gislchertns
1691 3888 1751 3944 dux
1767 3892 1797 3943 ct

975 3980 1100 4037 eonntcs
1111 3977 1308 4050 quamplures,
1322 3978 1357 4034 ad
1370 3992 1434 4035 eum
1446 3977 1576 4047 veniunt,
1585 3980 1614 4034 ct
1624 3991 1655 4033 se
1667 3976 1709 4031 illi
1721 3992 1798 4033 eom·

976 4069 1105 4126 mittunt.
1115 4067 1251 4140 Episcopi
1264 4082 1332 4123 vcro
1344 4067 1485 4123 Othonem
1499 4080 1556 4122 non
1567 4065 1795 4136 deseruerc,qni

975 4172 1076 4214 eorum
1104 4171 1201 4213 secum
1229 4156 1381 4212 detinebat
1408 4155 1583 4211 obsidatum.
1613 4153 1667 4219 Qui
1697 4153 1798 4209 Rheno

90 4253 147 4315 tur
164 4247 245 4318 regni
257 4247 538 4304 administrationem
549 4262 609 4304 suae
621 4246 919 4304 dominationisexer-
977 4245 1150 4303 transmisso
1162 4259 1281 4315 regnum
1290 4243 1657 4315 Letharienseperlustrat,
1666 4243 1799 4299 etinccn-

98 4350 165 4392 ccre
181 4334 510 4408 cupienti,nimiun1ilia
523 4334 668 4391 laboriosa
692 4336 755 4407 luit,
769 4341 827 4392 tam
848 4337 918 4394 suia
933 4338 960 4401 D
977 4337 1034 4393 diis
1050 4334 1216 4407 praedisque
1230 4334 1360 4405 quaedam
1386 4334 1449 4389 loca
1473 4332 1619 4389 devastat.
1644 4333 1683 4388 Eo
1700 4335 1797 4387 autern

99 4424 240 4481 letbaldo
251 4422 474 4480 Carnotensium
484 4423 590 4480 comite
600 4423 745 4496 captione,
757 4440 841 4496 quam
854 4429 917 4498 post
974 4431 1057 4480 trans
1081 4425 1212 4480 Rhenum
1235 4437 1380 4493 regresso,
1397 4422 1560 4478 Lndoricus
1584 4420 1798 4478 virdunensem

100 4514 182 4584 regni
199 4511 452 4583 recuperationem
469 4511 550 4568 vario
561 4511 707 4570 instabilis
719 4514 842 4571 fortunae
854 4530 920 4586 pro·
977 4513 1049 4585 petit
1067 4527 1181 4585 pagum,
1195 4516 1224 4568 et
1240 4510 1413 4583 quibusdam
1428 4509 1574 4582 episcopis
1585 4508 1801 4580 etprimatihus

99 4607 198 4661 ventu.
217 4600 327 4673 [Facu]
343 4600 479 4658 heinrico
502 4600 593 4672 igitur
617 4616 720 4672 magno
742 4603 919 4675 imperatore
976 4601 1290 4674 receptisa-evertitur.
1302 4598 1486 4656 Gislehertus
1499 4599 1651 4655 duxtrans
1667 4598 1798 4653 Rhenum

100 4689 920 4764 subiisdcmdicbusobeunte,contentiointerRliosejus
976 4686 1800 4764 praedatumproieetus,dumrevertitur,insequentibus

99 4781 135 4837 de
148 4793 237 4850 regno
249 4778 387 4849 agitatur.
401 4777 507 4833 Othoni
519 4782 614 4835 tamen
631 4783 701 4836 natu
713 4780 813 4851 nlaiori
824 4796 920 4839 rerum
977 4795 1009 4837 se
1025 4778 1213 4849 adversariis,
1225 4778 1252 4833 in
1263 4778 1373 4834 Renum
1385 4791 1449 4834 cum
1458 4790 1533 4848 equo
1545 4775 1677 4845 insilivit,
1691 4778 1722 4831 ct
1734 4788 1801 4830 cue·

100 4883 210 4926 sumana
225 4868 353 4925 obvenit.
370 4865 430 4938 (tol.
449 4870 506 4939 66.)
521 4867 774 4940 iohannequoque
786 4884 859 4942 papa
876 4869 922 4926 hl·
978 4872 1063 4926 catus
1075 4868 1151 4924 ultra
1163 4866 1285 4939 reperiri
1297 4880 1353 4921 non
1366 4863 1801 4938 potuit.RelictameJ'us‚0tho·

102 4957 193 5014 beriei
211 4957 328 5030 patricii
344 4957 436 5013 tratre
461 4956 607 5028 defuncto,
625 4958 680 5015 Leo
696 4957 717 5014 V
731 4959 874 5030 succedit,
891 4963 921 5015 ct
979 4959 1023 5017 nis
1037 4957 1115 5028 regis
1129 4971 1267 5028 sororem,
1285 4956 1450 5013 Ludovicus
1465 4954 1579 5027 aceepit
1595 4968 1726 5011 uxorem.
1745 4954 1802 5010 lin·

893 5090 1006 5149 NOTAE.

137 5213 194 5284 (75)
210 5211 350 5270 couches.

138 5284 183 5352 (76
210 5283 392 5340 Romundum
409 5283 581 5356 episcopum
605 5282 747 5411 languore
772 5284 923 5340 detentum

102 5369 181 5412 sareu
195 5353 304 5423 aribus,
314 5354 363 5434 qui
376 5355 451 5410 hona
468 5354 636 5412 monasterii
670 5355 822 5427 iriperent,
834 5354 925 5411 resis-

101 5431 165 5481 tere
181 5438 235 5481 non
253 5427 387 5494 potuisse
398 5429 501 5483 auctor
512 5430 558 5484 est
569 5425 729 5486 walterius
739 5425 883 5486 Rdueusis
895 5425 924 5482 in

978 5213 1076 5271 tabula
1092 5228 1148 5285 qua
1162 5215 1235 5271 hona
1252 5214 1288 5270 ab
1303 5211 1430 5269 amadeo
1454 5209 1665 5268 Flavininccnsi
1688 5210 1797 5265 abbate

979 5288 1153 5365 recuperata
1167 5284 1323 5343 confirmat
1336 5297 1411 5339 anno
1436 5286 1469 5338 ra
1492 5281 1613 5338 Roberti
1639 5281 1728 5352 regis.
1746 5280 1803 5336 lla·

980 5353 1081 5413 hilion.
1100 5359 1171 5413 han.
1189 5354 1308 5425 Beued,
1326 5355 1392 5410 Slv
1412 5369 1438 5424 p.
1455 5355 1516 5409 dit.
1534 5353 1565 5408 R.
