3788 5992
407 243 542 314 essm
554 244 730 313 raama.
745 283 780 295 -
797 243 975 312 urrann.
991 202 1049 311 aa
1060 241 1287 312 menceus
1302 240 1336 310 s.

56 247 131 313 tait

307 507 312 515 ’
367 535 446 626 ex
498 535 821 628 nrrnncums
878 534 1096 626 snucm
1142 531 1443 625 svnaoms

624 722 860 798 AUCTORE
885 723 1157 796 EBERWINO

94 894 252 980 ilierroiuo
267 896 379 966 ciboti,
391 900 445 967 uui
460 913 525 957 curu
540 900 692 958 lticltureio
709 900 890 957 Virdunense
900 899 1014 967 abbate,
1026 913 1063 955 ec
1072 900 1153 956 terro
1162 899 1268 956 surreio
1277 898 1384 965 reduc,
1396 898 1571 964 Spmeooem
1580 892 1756 950 monachum

59 967 216 1023 sumturus
228 969 302 1037 erut,
313 970 553 1043 erenedempoeteo
561 973 594 1028 in
604 972 842 1028 monosteriosuo
853 971 1009 1042 receperat
1019 972 1148 1041 eiusque
1159 967 1558 1040 utmortemsumitiuritcte
1568 963 1757 1037 ipsiiuuctus

59 1037 134 1105 erut,
148 1039 246 1119 Puppe
257 1041 496 1112 archiepiscopus
505 1044 598 1098 citum
608 1043 705 1099 suncti
716 1041 915 1098 utrirtelctrer
926 1042 1054 1097 hominis
1065 1041 1249 1098 scribendam
1263 1039 1409 1109 irrp'reunit.
1425 1037 1508 1104 Qrtoet
1516 1050 1623 1093 maenius
1634 1036 1687 1093 iile
1698 1048 1757 1088 mo·
1777 1046 1787 1094 j

60 1107 140 1164 testo
153 1123 251 1193 auimo
265 1113 396 1182 suscepit
410 1114 440 1168 et
451 1116 496 1170 itu
511 1113 650 1170 ececutus
665 1114 717 1181 est,
732 1114 768 1169 ut
782 1112 909 1169 breuiter
922 1113 1159 1182 simpliciterque
1187 1111 1408 1180 horreretque
1424 1109 1459 1165 oi
1481 1109 1544 1179 ipso
1557 1105 1701 1164 audierat
1711 1103 1759 1159 rel

56 1192 186 1305 ἶζιιτιιιιι
194 1180 326 1307 turilderot.
352 1185 422 1266 isitee
434 1185 577 1241 norurnullu
587 1185 658 1254 post
670 1185 791 1241 inertem
799 1184 890 1256 sueto
903 1185 1050 1240 nrirocuto
1064 1183 1186 1254 adjecit,
1204 1183 1354 1252 totumque
1369 1195 1441 1251 opus
1455 1179 1586 1251 Poppaei
1602 1174 1762 1246 inscripsit

102 1265 115 1307 c
130 1264 191 1321 epis
206 1266 220 1306 o
235 1267 445 1324 spreuisse:

94 1385 213 1441 Domino
229 1392 258 1441 ct
274 1389 433 1443 venerabili
449 1389 578 1460 Poppnni
594 1387 812 1460 archiepiscopo
824 1389 879 1443 tra·
892 1386 920 1450 Α
937 1389 1007 1444 iisus
1022 1388 1110 1457 igitur
1122 1387 1214 1444 deiiei
1225 1385 1380 1456 adjutorio,
1393 1384 1452 1439 tuis
1464 1381 1646 1452 jussionibus
1660 1393 1757 1450 quam-

59 1472 104 1528 t'er
127 1474 310 1541 iibervvinus,
337 1478 452 1533 abbatis
468 1479 581 1533 nornine
597 1477 739 1548 indignus,
757 1477 879 1532 devotus
935 1478 979 1534 vis
1004 1483 1132 1533 tremens
1157 1477 1348 1546 obtempero;
1366 1472 1452 1544 piano
1478 1471 1558 1528 brevi
1581 1474 1611 1526 et
1632 1467 1756 1539 simplici

61 1563 213 1632 utriusque
229 1565 352 1620 bominis
377 1565 540 1622 famulatus.
558 1568 655 1621 Mones
677 1566 762 1620 immo
783 1565 878 1634 jnbcs,

936 1581 1071 1621 sermone
1088 1564 1258 1620 describens
1272 1577 1334 1633 qnae
1346 1561 1390 1615 vei
1404 1561 1465 1630 ipse
1478 1559 1586 1627 exejus
1599 1571 1648 1613 are
1661 1555 1758 1612 audivi
1853 1602 1861 1610 .

61 1651 344 1723 sanctissimepatcr,
354 1659 385 1708 ut
395 1655 487 1725 impar
500 1655 624 1723 ingenio,
634 1653 878 1723 stultisssimum,

61 1738 171 1808 aliquid
187 1741 222 1797 de
238 1741 296 1796 vita
310 1746 340 1796 et
355 1743 577 1799 conversatione
592 1749 620 1799 et
645 1742 726 1798 obitu
751 1742 802 1796 viri
830 1740 878 1795 iiei

61 1827 208 1896 Syineonis
224 1834 253 1884 et
269 1830 304 1884 dc
319 1830 466 1885 miraculis
490 1846 553 1901 quae
576 1846 628 1901 per
652 1845 717 1885 enni
742 1829 879 1884 hominus

60 1922 255 1987 oporatnsest
268 1919 427 1974 edisseram
439 1920 642 1990 miritisqnead
657 1918 809 1975 laudemet
822 1917 880 1987 gio

59 2003 130 2058 riam
147 2006 258 2060 Domini
286 2007 522 2064 desiderantibus
542 2008 617 2063 scire
642 2013 739 2062 notum
765 2006 876 2062 inciam.

58 2093 161 2147 Fateor
174 2094 284 2161 graisde
299 2109 374 2151 ontis
391 2096 457 2150 mibi
475 2096 588 2152 infirmo
606 2095 738 2166 inrpnnis,
757 2093 899 2149 ruaxinre-

58 2195 122 2236 cnm
138 2186 199 2236 totu
217 2197 339 2254 corpore
355 2183 461 2239 debilis
476 2184 656 2239 tremendum
675 2183 723 2238 lici
737 2181 877 2251 judicium

935 1655 979 1710 vei
997 1669 1010 1708 a
1028 1653 1163 1708 fidelibus
1179 1652 1251 1708 viris
1266 1651 1301 1705 ab
1319 1651 1381 1720 ipso
1397 1649 1494 1705 andita
1512 1648 1574 1702 sive
1588 1647 1623 1701 de
1636 1646 1758 1700 miracu·

936 1741 970 1796 iis
987 1743 1045 1796 visa
1063 1741 1161 1795 didici.
1178 1740 1227 1795 i'ui
1244 1739 1332 1807 igitur
1348 1736 1489 1793 exarrrinis
1510 1742 1555 1790 cst
1574 1734 1717 1803 judicare,
1734 1731 1759 1786 si

935 1830 1011 1887 istud
1029 1829 1176 1884 tantillum
1202 1842 1274 1897 epus
1295 1827 1398 1894 jnheas
1421 1825 1447 1879 in
1473 1823 1619 1895 pubiicum
1645 1821 1755 1891 venire,

934 1918 994 1975 sive
1009 1917 1068 1973 tuis
1082 1916 1246 1972 scolasticis
1267 1914 1302 1969 ad
1328 1912 1532 1982 corrigendum
1558 1909 1757 1968 exornandum

934 2006 1150 2062 dilatandumve
1164 2005 1303 2059 tribuere.
1318 2001 1464 2071 Quidquid
1476 2000 1551 2055 enim
1564 1999 1590 2054 in
1605 2013 1648 2054 me
1660 2011 1758 2069 repre-

934 2095 1087 2161 hendetur,
1105 2093 1158 2148 tibi
1177 2093 1274 2163 potius
1290 2089 1472 2161 praecipienti
1489 2103 1573 2158 quarn
1595 2086 1663 2141 mibi
1688 2087 1757 2141 ohe·

935 2183 1024 2239 dienti
1041 2181 1209 2238 necessario
1224 2180 1425 2250 imputabitur.

59 2272 273 2342 pertimescam,
290 2273 313 2328 si
330 2274 439 2342 aliquid
461 2275 597 2331 salsitatis
621 2273 792 2341 contingam.
809 2272 879 2326 Con·

101 2403 168 2460 lito
179 2404 248 2467 hee,
261 2420 327 2475 pue
341 2405 373 2460 iu
383 2407 488 2463 miultis
499 2407 599 2463 ecstut
608 2404 766 2465 codicibus.
780 2417 907 2475 quorum
920 2405 1023 2473 etipse
1035 2404 1136 2473 plures
1150 2402 1215 2459 ridi
1231 2415 1323 2474 ireque
1339 2402 1436 2456 iunceo
1451 2398 1606 2465 rescripsi,
1620 2395 1701 2452 edito
1718 2394 1764 2453 est

61 2476 325 2614 ssss‘c'cff'yffpmesls'
336 2493 367 2546 p.
384 2481 428 2547 80,
443 2476 599 2534 Mehltm.
618 2478 678 2533 Act.
696 2477 758 2532 ord.
771 2479 805 2533 S.
822 2476 976 2532 Benedicti
999 2475 1046 2543 Vl,
1057 2490 1086 2545 p.
1100 2479 1160 2529 372.
1177 2465 1761 2541 Quoetrrmeccerptoeciiletllontleim

96 2589 270 2688 Symeo’nem
287 2591 515 2675 ec'mouoscerm
528 2618 637 2674 moratis
652 2618 743 2674 ‹iiroi
759 2620 791 2672 in
804 2615 981 2673 occidentem
991 2617 1116 2672 missum
1126 2614 1311 2684 utpecunius
1321 2627 1340 2670 o
1350 2610 1501 2669 iticinrto
1511 2609 1732 2667 Nortmumroru

63 2688 135 2745 duce
143 2692 311 2758 promissos
327 2691 488 2760 comperet,
506 2691 671 2746 Antiochia
685 2688 863 2745 Eierroiaus
878 2688 995 2743 incenit
1007 2689 1061 2757 poi
1077 2688 1122 2742 itu
1135 2686 1269 2742 narrat:
1700 2708 1704 2714 ’

97 2839 133 2892 En
152 2837 240 2906 igitur
254 2842 429 2909 tempestate
445 2839 586 2908 contingit
602 2838 777 2895 bichardum
794 2837 881 2893 ahba-
898 2836 923 2895 B
939 2835 993 2891 sibi
1006 2849 1144 2906 responsa
1156 2835 1250 2904 daret,
1264 2832 1465 2889 moestiiicatus
1477 2826 1698 2900 aliquantulum.
1721 2869 1727 2882 .
1750 2866 1757 2880 .

61 2929 130 2994 teni,
148 2925 240 2983 virum
256 2928 394 2996 perieulis
409 2928 480 2984 viris
493 2927 882 2998 inritahiiem,piaedcvotio-
939 2924 1007 2995 arrisi
1042 2927 1140 2992 ageret
1176 2923 1280 2992 qrraerit
1311 2920 1476 2987 consilinm,
1503 2915 1639 2974 Occurrit
1665 2919 1761 2972 autem

61 3012 106 3068 nis
118 3014 217 3082 aratia
231 3021 330 3071 sancta
346 3016 551 3086 iiierosoiymse
569 3015 643 3072 velie
660 3016 786 3071 invisere
807 3016 880 3070 ioca.
940 3014 1043 3082 anieno,
1056 3017 1086 3069 nt
1096 3027 1178 3068 snum
1188 3011 1371 3066 carissimum
1384 3011 1503 3079 patrem,
1517 3004 1693 3061 bichardum
1707 3003 1763 3060 sci·

60 3101 131 3157 iinin
146 3116 216 3171 ergo
234 3118 284 3174 per
298 3104 479 3160 Antiochiam
497 3105 552 3158 iter
568 3104 772 3160 habuissemus
784 3103 883 3173 ibique
940 3100 1008 3157 iicet
1025 3101 1169 3167 atlantem,
1183 3112 1372 3168 nosquesnos
1384 3097 1506 3153 corrrites
1518 3094 1671 3159 inviseret;
1685 3089 1761 3162 quod

62 3190 242 3247 necessitate
254 3190 882 3262 itineriscngentealiquamdiumoraremur,
940 3194 968 3245 et
984 3189 1061 3246 iecit.
1084 3191 1137 3244 Per
1162 3187 1279 3257 longum
1303 3191 1399 3242 autem
1426 3191 1539 3254 tempus
1564 3184 1693 3236 moratus
1716 3182 1764 3235 est

62 3277 188 3336 tamaius
205 3280 253 3335 Dei
270 3281 390 3351 Symeon
405 3281 524 3350 junctus
540 3286 583 3337 est
598 3281 682 3337 nobis
695 3280 721 3335 in
745 3280 883 3351 airricitia,
942 3278 1103 3347 nobiscnm,
1119 3281 1148 3332 et
1166 3282 1197 3333 ut
1214 3275 1342 3332 breviter
1358 3273 1404 3307 ⁸⁸⁶⁸
1424 3270 1604 3338 concludam,
1623 3267 1761 3340 quamdiu

62 3367 233 3438 predictum
251 3371 386 3427 abbatem
406 3370 580 3426 iiieirardnm
607 3371 749 3440 aeiorntans
774 3369 830 3424 sibi
858 3369 885 3424 in
942 3367 1017 3437 apud
1036 3381 1088 3421 nos
1104 3365 1219 3428 pransit,
1237 3360 1535 3434 irreprehensibiliter
1549 3358 1632 3413 vixit.

63 3459 191 3526 petreum
209 3457 256 3513 cui
269 3473 334 3513 curu
347 3458 533 3530 exposuisset
546 3459 741 3529 perordinem
756 3456 885 3528 quaesibi
979 3458 1091 3512 interea
1108 3455 1123 3508 d
1133 3455 1241 3511 ,nrinus
1264 3455 1364 3523 Puppe
1389 3449 1634 3521 archiepiscopus,
1651 3447 1760 3499 sanctae

64 3543 191 3612 injuncta
206 3551 303 3602 essent
314 3547 360 3603 vei
373 3562 436 3617 qirae
446 3547 649 3617 contigissent,
663 3546 785 3617 addidit,
800 3545 887 3601 nniiis
942 3545 1122 3600 Trevirensis
1134 3543 1266 3599 ecciesiae
1277 3546 1416 3597 strenuus
1427 3537 1570 3609 provisor,
1583 3533 1704 3590 erudiens
1716 3530 1764 3587 de-

64 3633 203 3704 periculis
213 3634 258 3690 vei
270 3634 454 3704 angustiisse
465 3636 585 3691 retineri
596 3649 683 3706 pesse
695 3632 888 3705 quinabhatis
943 3638 1010 3688 vote
1025 3632 1196 3703 prophetam
1215 3631 1249 3686 de
1267 3630 1380 3684 Cirristo
1397 3628 1539 3683 dicentem
1557 3644 1563 3678 :
1581 3623 1620 3679 iit
1641 3620 1701 3676 erit
1722 3632 1764 3676 se-

65 3720 109 3776 sni
127 3722 261 3777 inundata
278 3723 414 3794 impicrct
430 3738 483 3793 pro
496 3738 592 3794 posse.
604 3725 681 3778 imus
693 3737 762 3791 orgo
773 3726 800 3777 et
815 3721 889 3776 redi»
940 3707 1763 3792 pulcrumejusploriosum(lsai.n,10),gratiaorati0nis

68 3823 144 3878 mus,
161 3824 284 3879 eumque
296 3811 447 3866 nobiscum
460 3811 558 3866 venire
570 3817 702 3884 paratum
715 3810 885 3866 invenimus.

66 3897 194 3968 cunique
211 3898 238 3952 in
255 3897 396 3954 comitatu
415 3904 516 3954 nostre
533 3906 611 3955 esset
633 3901 800 3969 frequenter
817 3899 889 3968 inju-

65 3985 159 4041 riatus
175 3990 263 4055 atque
279 3985 453 4055 iiageiiatns,
472 3986 554 4056 quiesi
578 3985 728 4042 mitissima
753 3985 816 4041 ovis
841 4000 889 4055 pa-

943 3808 1164 3864 iiierosoiimam
1180 3808 1241 3876 ivit,
1259 3807 1392 3875 inuncans
1408 3802 1545 3859 samnium
1562 3799 1610 3856 Dei
1628 3797 1765 3855 cundoet

946 3884 1764 3952 redeundoseeumcoriritatoremeccnnviaterembabuit

943 3985 1028 4054 eique
1045 3992 1110 4056 post
1128 3984 1252 4040 reditum
1270 3983 1297 4037 in
1315 3997 1368 4037 suo
1388 3981 1559 4052 episcopatu
1582 3986 1764 4047 quocumque

67 4072 174 4128 iinntcr
188 4074 325 4143 portavit.
343 4074 659 4143 Pc1·vonicntcsitaquc
672 4074 806 4143 usquead
820 4073 887 4129 civi·
944 4072 1032 4128 varilaei
1049 4087 1112 4126 man
1134 4072 1180 4126 nili
1199 4069 1367 4127 laenitatem
1392 4067 1499 4124 obtulit
1521 4071 1551 4121 et
1571 4061 1764 4119 libentissime

65 4164 154 4215 tatem
171 4160 379 4232 bellegradam,
396 4177 459 4231 quiae
475 4167 519 4218 cst
545 4162 571 4215 in
592 4162 717 4217 contiuuo
740 4161 876 4230 Buigarie
904 4161 1098 4253 Cconccssit.
1125 4163 1165 4216 lix
1192 4158 1370 4215 revelatione
1389 4156 1477 4226 igitur
1499 4153 1548 4210 liei
1573 4154 1765 4224 prospectans

65 4258 128 4305 runi
150 4254 238 4320 atque
262 4249 464 4319 Ungariornnr,
493 4263 508 4304 a
534 4249 664 4305 civitatis
689 4248 887 4304 infelicissimo
943 4250 995 4306 sihi
1012 4249 1107 4305 iocum
1124 4249 1243 4318 Spirrcon
1262 4245 1386 4302 ianruins
1404 4243 1520 4311 Christi,
1537 4241 1584 4298 nbi
1604 4239 1684 4296 soins
1701 4251 1765 4308 pos-

66 4337 197 4410 principe
214 4338 379 4410 prohibitus
393 4344 438 4394 est
463 4340 615 4394 nobiscum
642 4337 777 4393 transire.
797 4338 887 4407 igitur
943 4344 984 4395 set
1001 4352 1104 4394 vacare
1120 4336 1257 4405 orationi,
1275 4336 1300 4389 in
1319 4334 1393 4390 turri
1411 4347 1474 4403 quim
1486 4336 1569 4386 antea
1583 4329 1668 4398 Nigra
1680 4329 1762 4397 porta

66 4424 179 4481 denset
191 4427 248 4483 Deo
261 4426 477 4496 eratiasagens,
492 4426 610 4496 reliquit
621 4440 674 4481 nos
689 4425 789 4480 tristes
800 4431 887 4494 atque
941 4429 1112 4496 vocabatur,
1131 4440 1249 4497 parvum
1267 4423 1414 4492 tugurium
1427 4419 1550 4491 expetiit
1561 4437 1568 4485 ;
1580 4418 1627 4473 ubi
1639 4417 1763 4472 domnus

68 4512 178 4570 tientes.
197 4516 266 4571 Post
280 4513 325 4547 ⁸⁸⁶³
342 4514 448 4570 inuitas
461 4514 585 4585 deniqne
596 4514 785 4583 angustiaset
800 4514 888 4569 iatro·
942 4514 1048 4588 praesui
1065 4515 1174 4585 Puppe,
1194 4516 1337 4584 premente
1353 4509 1432 4565 clero
1443 4514 1471 4564 et
1484 4506 1601 4579 pupulo,
1615 4505 1641 4559 in
1655 4501 1762 4559 testivi-

67 4616 133 4657 num
147 4602 268 4658 insidias
286 4604 443 4659 revertitur
459 4618 550 4673 usque
566 4604 600 4658 ad
612 4617 707 4666 mare;
724 4617 781 4672 quo
792 4605 888 4657 trans·
942 4608 1002 4660 tate
1016 4601 1109 4659 sancti
1125 4600 1247 4657 andrea
1265 4599 1344 4655 ilium
1358 4597 1479 4655 reclusit
1482 4630 1757 4651 ..........

63 4702 132 4758 ,acte
149 4705 376 4763 prosperumque
392 4693 447 4747 iter
462 4693 579 4759 iaciens,
596 4695 774 4764 perilomam
788 4707 889 4763 [surrre-
977 4695 1054 4748 Tunc
1076 4689 1217 4760 siqnidem
1240 4688 1391 4759 teuipnris,
1416 4684 1544 4758 peccatis
1569 4680 1677 4737 nostris
1699 4692 1762 4750 pro·

68 4781 109 4836 nit
127 4780 153 4835 in
171 4779 328 4834 Franciam.
348 4783 369 4834 Α
386 4780 509 4851 quodam
525 4781 614 4850 igitur
629 4781 684 4837 sibi
700 4787 768 4837 noto
781 4781 887 4837 cernite
943 4780 1134 4848 nascentibus,
1145 4778 1231 4833 nimia
1243 4791 1382 4848 aquarum
1397 4773 1564 4830 inundantia
1577 4769 1700 4825 increvit
1712 4783 1764 4825 sae·

68 4867 221 4924 Wiibeimo
238 4867 359 4937 benigne
372 4868 530 4939 suscipitur
540 4874 569 4922 et
585 4869 658 4939 apud
672 4884 736 4924 curn
750 4869 889 4940 aliquam·
942 4870 1027 4926 culis.
1044 4870 1135 4924 Causa
1161 4867 1283 4938 periculi
1308 4866 1395 4935 liujus
1418 4865 1540 4934 Syracon
1565 4858 1764 4931 imputabatur

69 4956 117 5013 diu
141 4960 272 5012 moratur
275 4997 465 5011 .......
486 4956 563 5012 venit
588 4957 807 5028 iietbonragum,
824 4974 888 5028 quae
943 4961 978 5014 ab
992 4956 1137 5026 omnibns,
1154 4956 1229 5012 bunc
1244 4952 1405 5010 maleficum
1422 4964 1499 5020 csse,
1517 4964 1569 5021 pro
1590 4947 1651 5004 suis
1674 4944 1764 5002 sceie-

68 5050 114 5100 est
129 5044 234 5101 civitas
250 5045 494 5099 Nortmannorunr
508 5044 699 5110 nobilissima,
717 5045 809 5101 sancti
833 5048 888 5102 au·
943 5047 1024 5103 ribus
1040 5047 1094 5101 hoc
1110 5044 1215 5100 maium
1232 5042 1337 5098 mundo
1362 5041 1529 5104 imminere;
1545 5043 1574 5094 ut
1601 5037 1764 5106 deponatur

69 5133 885 5205 doeniconiessoriscorporectrneritisvaidepraeciera.
942 5149 957 5191 a
981 5133 1127 5206 pontifice,
1155 5131 1280 5204 populus
1305 5129 1445 5186 acclamat
1469 5124 1609 5198 quotidie.
1627 5125 1668 5180 iix
1691 5123 1762 5180 urbe

68 5222 121 5280 Ubi
137 5237 201 5279 cum
216 5221 390 5278 Richardum
406 5222 539 5277 comitem
553 5221 611 5289 iam
636 5228 780 5277 mortuum
808 5237 888 5294 repc-
942 5221 1058 5277 tandem
1073 5234 1215 5276 occursus
1232 5219 1339 5288 agitur,
1357 5218 1391 5272 aii
1407 5214 1541 5273 cellulam
1556 5213 1610 5269 viri
1633 5212 1681 5268 liei
1698 5226 1764 5285 pro·

69 5311 157 5368 risset
173 5310 253 5366 etde
269 5311 391 5382 pecunia
405 5314 434 5366 et
456 5323 556 5380 cerusa,
573 5309 621 5380 qui
646 5309 681 5365 de
703 5314 781 5366 terra
808 5311 887 5368 iliius
942 5314 1080 5382 peratur;
1097 5322 1166 5365 saxa
1181 5309 1209 5363 in
1222 5305 1488 5378 altumprnjieiunt,
1502 5302 1610 5374 tugurii
1622 5301 1763 5359 fenestras

69 5416 122 5472 pro
143 5399 299 5458 elemosina
325 5414 377 5459 sue
400 5397 576 5456 monasterio
602 5398 775 5470 debebatur,
791 5399 888 5456 nulius
942 5399 1080 5468 obruunt,
1097 5400 1265 5469 symeonem
1280 5395 1409 5470 lapidare
1427 5391 1617 5451 contendunt.
1635 5390 1765 5447 Vidimus

748 5511 867 5569 VARIAE
887 5513 1085 5571 LECTIONES.

103 5584 149 5621 ⁸⁸⁶⁷
163 5587 218 5643 Per
233 5584 277 5645 et.
317 5583 363 5618 ⁸⁸⁸⁸
378 5583 482 5641 ieviter
498 5582 542 5643 et.
