3788 6000
144 237 203 305 575
725 225 966 295 EKKEHARDI
988 221 1264 288 UHAUGIENSIS
1793 215 1851 281 bib

59 363 64 376 ’
144 367 815 445 dimi0f0111v⁰ss5⁵1¹⁰ffli¹¹⁰Philippus,illim
828 365 967 435 diligebat
982 368 1010 430 A
1025 375 1350 438 deditisllaecdcaiam
1371 375 1531 448 aristasius
1541 373 1638 433 aicae
1652 372 1775 433 causas
1788 371 1852 433 tar·

74 455 76 460 ’
145 461 309 521 Alexander
318 461 387 532 quia
396 459 527 516 medians
536 463 609 523 erat,
621 457 785 529 promisitei
795 456 966 512 sedaturnm
1025 467 1121 536 paros,
1134 467 1317 542 copisa-ipim
1329 479 1411 523 piens
1425 464 1535 534 taetra,
1549 464 1578 521 et
1578 463 1737 536 fortitudo
1746 477 1852 536 pappa

144 553 292 625 potionem
306 548 382 607 unde
393 564 480 606 sanus
492 548 584 603 steret.
599 547 738 618 Princeps
749 551 845 601 autern
858 544 969 600 militiae
1024 557 1177 615 estimatum
1191 556 1272 614 vonis
1281 558 1378 628 jocis,
1397 554 1510 622 Quibus
1526 553 1566 609 tta
1581 552 1771 623 confortatis,
1786 567 1852 611 0000

145 642 273 714 buldam,
292 639 340 711 (lui
358 640 475 695 tenchat
497 637 669 706 mitellam,
691 634 757 690 ⁰⁶10
776 635 876 691 bibuli
893 634 969 691 huni
1024 646 1182 702 multitudo
1199 645 1322 702 militum
1341 643 1415 700 barii
1438 641 1617 715 applicuisse
1632 641 1793 699 nunciatur
1807 657 1853 700 sn·

145 730 299 798 medicum,
317 728 381 799 ‘iuli
397 727 574 796 diligebam?
587 743 600 780 i
614 739 691 794 rege,
708 725 898 793 sclibensque
910 722 969 793 api·
1025 749 1077 805 per
1092 733 1209 790 llnvinm
1225 733 1332 803 Tigrin.
1355 732 1506 803 Principes
1524 734 1620 787 antem
1636 729 1751 787 militiae
1766 745 1852 802 snper

146 818 250 875 stolam
266 818 373 873 direxit
390 816 554 872 Alexandro
569 815 691 871 dicens:
711 814 823 872 Caecus
837 815 864 870 ta
879 827 897 869 a
912 825 970 867 atie·
1023 837 1075 880 eos
1099 826 1182 879 erant
1208 822 1344 893 quinque.
1374 822 1577 878 convenerunt
1597 818 1689 890 igitur
1705 819 1735 874 in
1752 833 1852 892 eampo

145 907 210 966 dica
225 907 376 978 Paptippa
391 905 435 975 ¹⁰³,
454 905 484 962 et
495 919 531 962 ae
546 905 630 962 bibus
642 904 789 975 petionem
803 905 878 975 ciras,
895 903 970 974 quia
1025 912 1188 968 Alexander
1214 928 1279 968 euin
1305 910 1366 967 snis
1381 914 1409 966 et
1428 909 1576 981 principes
1590 907 1705 965 militiae
1720 907 1809 979 barii,
1823 912 1851 964 et

142 995 318 1069 pramisiici
330 994 646 1052 Duriasrecsororcm
659 994 787 1051 ricantia
798 993 970 1064 conjapium
1024 1001 1133 1057 acriter
1149 1002 1362 1072 pugnaverunt,
1387 1000 1437 1055 vir
1456 1001 1552 1055 autam
1567 997 1686 1067 quidam
1704 995 1742 1053 de
1757 997 1850 1055 Persis

144 1083 218 1140 dure
237 1084 265 1140 et
282 1084 444 1143 crassatam
459 1082 676 1155 repetissemus,
701 1085 728 1139 si
748 1079 913 1153 uitauerat
931 1081 967 1136 te·
1024 1089 1119 1145 aniiaa
1132 1103 1209 1160 aecr,
1223 1090 1346 1146 induens
1359 1093 1513 1144 senesiam
1525 1090 1643 1143 etarma
1656 1084 1850 1158 Macedonica,

86 1227 93 1239 ,
145 1170 216 1227 Cum
234 1177 329 1229 autem
348 1178 534 1244 preparasset
554 1173 714 1244 Phylippns
731 1171 886 1241 potionem,
907 1184 970 1240 por·
1025 1178 1096 1234 abiit
1122 1178 1256 1235 occidere
1284 1176 1490 1246 Alexandrum,
1516 1175 1684 1245 mixtusque
1711 1173 1851 1231 militibus

144 1259 218 1314 tavit
231 1264 298 1316 ante
310 1275 423 1331 reguum
437 1262 485 1318 sed
499 1265 652 1331 antennam
665 1261 789 1329 biberet,
800 1258 970 1329 supervenit
1025 1268 1089 1336 ejus
1109 1271 1304 1339 posttergans
1326 1267 1416 1336 illins,
1438 1264 1651 1335 evaginatoque
1670 1261 1773 1333 gladio
1794 1266 1850 1321 tam

145 1348 271 1419 iiiiii⁰l³
285 1349 343 1405 illi·
358 1350 411 1416 Qui
422 1350 603 1421 sstsslbiesssssi
615 1350 714 1420 ligetis
727 1355 880 1418 antequam
893 1347 972 1402 bibi·
1027 1356 1143 1412 sortiter
1158 1357 1306 1427 percussit
1322 1360 1410 1426 caput
1425 1354 1499 1424 ejus,
1512 1358 1542 1410 nt
1555 1357 1583 1409 et
1595 1352 1710 1423 galeam
1728 1352 1851 1408 transis

145 1443 200 1509 ret,
217 1454 273 1495 noa
290 1444 335 1496 est
351 1443 499 1510 turbatus,
513 1440 578 1511 qnia
592 1439 695 1496 deiide
710 1439 972 1509 Phylippicratse·
1026 1449 1105 1500 ravat
1122 1447 1150 1500 et
1167 1449 1253 1516 capnt
1270 1443 1448 1500 vitineraiet.
1471 1442 1633 1513 Statimque
1652 1439 1851 1512 apprchende-

141 1540 242 1581 envas.
265 1527 377 1582 Tenens
399 1527 498 1596 itaque
518 1542 573 1582 uita
594 1541 678 1581 mana
694 1525 857 1597 epistotam,
879 1524 970 1579 atteia
1027 1538 1093 1589 inm
1106 1548 1171 1589 etin
1184 1533 1292 1589 milites
1308 1531 1474 1600 alexandri,
1489 1535 1517 1587 ct
1533 1530 1762 1586 duxeruntante
1777 1542 1849 1586 eun.

140 1613 293 1685 diffiditis
306 1615 461 1684 potionem,
476 1615 654 1686 respiciebat
667 1615 693 1669 in
707 1615 807 1670 ficiem
824 1612 968 1684 l‘hylippi.
1028 1623 1079 1679 cni
1095 1621 1168 1677 dixit
1186 1622 1351 1677 Alexander
1368 1639 1373 1677 :
1393 1620 1549 1678 Ostreaue
1561 1620 1620 1688 air,
1636 1618 1715 1690 qaid
1728 1619 1851 1676 cethaei

142 1701 192 1757 Cui
219 1702 292 1757 dixit
314 1703 475 1775 Phylippns
490 1723 496 1759 z
514 1704 585 1761 Noli
606 1716 797 1775 repuerascere
810 1704 968 1773 patinaria,
1028 1711 1078 1765 cni
1091 1710 1284 1767 barbarismi
1298 1729 1304 1764 :
1317 1709 1553 1778 praesciaprescia,
1566 1706 1746 1776 dominator,
1758 1706 1851 1765 Maee-

139 1792 429 1862 maaaeiaipcrutm·,
441 1793 491 1848 sed
500 1792 668 1849 bibeiltunt.
681 1792 783 1847 Statim
794 1792 885 1847 ebibit
896 1806 968 1847 eam·
1028 1801 1129 1856 popam
1145 1814 1215 1868 3332,
1232 1801 1328 1856 persa
1341 1797 1459 1856 samin,
1477 1796 1608 1865 Prpmtst
1623 1797 1718 1854 Dario
1732 1796 1852 1870 anjam

141 1878 175 1933 El
199 1885 353 1949 postquam
377 1881 461 1951 bibit,
486 1882 617 1952 ttoitexit
642 1881 796 1953 epistolam
818 1881 969 1953 phylippo.
1027 1884 1709 1961 cepaticum,atillespopaaditmicaiflh'am
1722 1886 1852 1943 wamia

142 1967 259 2025 lieleeta
275 1971 436 2042 Phylippns
457 1971 580 2042 epistola
598 1971 670 2026 dixit
688 1991 693 2025 :
711 1973 777 2028 Nan
789 1986 855 2028 sacia
871 1973 973 2044 calpa·
1027 1979 1199 2050 aaajiipiaaa
1214 1977 1372 2049 etreputes
1388 1976 1567 2047 murcinctus,
1590 1975 1668 2030 Tunc
1689 1973 1851 2031 Alexander

142 2055 222 2126 bilis,
240 2060 420 2129 Alcauadar,
436 2062 516 2118 sicat
528 2061 589 2117 dcc
603 2059 728 2130 epistula
744 2060 827 2117 dicit.
847 2062 906 2117 Rex
922 2059 972 2117 au'
1027 2067 1157 2122 ostendit
1173 2081 1238 2122 eum
1255 2065 1390 2121 aturribus
1405 2064 1522 2121 milibus
1538 2064 1608 2132 suis,
1624 2069 1654 2120 et
1670 2063 1745 2119 dixit
1762 2080 1769 2118 :
1792 2063 1852 2119 i'iri

140 2152 199 2204 tem
216 2164 304 2205 sanus
320 2151 453 2221 abactas,
472 2151 586 2207 vacavit
602 2149 785 2220 phylippum,
804 2144 972 2221 amplexan‘
1025 2150 1852 2224 Macedones,caitaeaitcataiiusmilitibustaimakubere

144 2252 215 2308 sque
241 2238 345 2295 callum
376 2241 449 2310 eine,
481 2240 777 2310 dixit:t'apaoristi,
808 2240 968 2310 Plautinum
1018 2239 1851 2316 fortitudiacm,eteontinnudimisitillumabire‚coepit

140 2329 286 2396 arcuatum
307 2330 334 2386 ic
352 2330 489 2400 dilipuar,
510 2329 539 2384 ei
557 2343 648 2399 aarum
662 2329 811 2399 ,dedicatam
827 2331 858 2384 ia
875 2329 902 2384 tc
918 2328 971 2384 da'
1025 2346 1080 2404 que
1106 2345 1233 2404 pugnare
1259 2331 1385 2399 lartiter,
1408 2334 1436 2384 et
1455 2329 1626 2399 cecideruut
1660 2341 1698 2384 ex
1720 2327 1851 2385 barbaris

139 2415 229 2486 deurit,
242 2419 393 2490 qtciprins
403 2420 550 2490 potiorem
565 2417 897 2488 tentaturumque
912 2412 970 2473 tibi
1025 2420 1120 2477 muti.
1137 2419 1190 2485 Qui
1207 2419 1341 2476 videntes
1355 2434 1386 2474 se
1402 2417 1524 2474 multum
1539 2417 1638 2487 minui,
1656 2417 1808 2489 ingerunt,
1824 2420 1849 2473 at

133 2509 277 2576 pertesi?
291 2509 340 2564 Cni
353 2508 513 2580 Philippus
524 2508 597 2562 dixit
613 2526 618 2561 :
634 2507 693 2564 Fac
703 2507 803 2563 asaiae
814 2508 910 2576 ipsium
921 2507 969 2562 ho·
1025 2513 1198 2579 persecutus
1210 2512 1255 2563 est
1268 2521 1361 2577 nsque
1373 2507 1503 2563 Bactrum
1516 2511 1546 2561 et
1556 2504 1709 2577 applicuit.
1727 2504 1792 2563 Alia
1808 2504 1849 2561 dia

136 2597 258 2662 ariacm,
281 2598 334 2668 qai
354 2598 432 2653 barte
451 2597 604 2668 epistolum
623 2596 678 2651 tibi
694 2595 818 2662 directi,
835 2596 969 2665 neieina
1023 2597 1218 2670 apprehendit
1233 2596 1393 2666 civitatem,
1410 2595 1578 2666 invenitque
1590 2584 1764 2650 ibimatrem
1776 2593 1848 2652 Darii

137 2683 193 2740 tibi
209 2684 288 2741 tatia
299 2701 353 2756 pra
366 2686 464 2743 sarua
477 2686 529 2742 ina
537 2687 645 2757 saccae
660 2686 723 2747 inse
737 2685 841 2741 euoluit.
858 2685 967 2740 lubens
1023 2691 1052 2742 et
1071 2701 1189 2742 uxorem
1205 2686 1385 2756 eandemque
1405 2698 1536 2740 sororem
1550 2688 1580 2739 et
1596 2682 1669 2739 duas
1684 2681 1762 2740 filias
1778 2681 1848 2752 ejus,

25 2765 27 2769 ’
136 2786 206 2842 ergo
233 2773 312 2829 illum
343 2774 442 2830 venire
476 2775 627 2844 inquisivit
656 2789 731 2844 aurii,
760 2773 967 2843 inveniensque
1024 2772 1847 2845 posuitqueineacivitatesoliumsnum,etsnhiugavit

136 2861 325 2932 culpabilem,
343 2863 434 2932 jussit
452 2862 602 2919 decollari.
1022 2862 1077 2918 sibi
1089 2877 1189 2919 airines
1205 2862 1432 2933 circumpositas
1444 2860 1592 2916 civitates.
1608 2860 1680 2916 Post
1697 2860 1759 2917 haee
1776 2872 1846 2917 unns

171 2950 279 3007 Dehinc
303 2967 422 3010 inovens
444 2953 616 3022 exercitum,
638 2951 716 3007 venit
743 2951 772 3005 in
797 2951 916 3007 llediam
937 2955 966 3006 et
1021 2952 1253 3025 exprincipibus
1275 2952 1385 3008 militie
1406 2949 1483 3007 llarii
1505 2948 1684 3022 presumpsit
1697 2949 1800 3006 venire
1813 2948 1846 3005 ad

136 3041 299 3097 Armeniam
321 3057 462 3110 maenam,
479 3048 508 3097 et
524 3041 691 3112 subjugavit
707 3056 767 3108 ens,
786 3039 890 3096 deinde
907 3054 966 3095 ani·
1022 3040 1227 3110 Alexandrum,
1250 3046 1280 3096 et
1301 3040 1374 3096 dixit
1398 3039 1424 3095 ci
1443 3057 1449 3093 :
1467 3038 1642 3095 Duatiaatar
1663 3036 1845 3107 Aaronem,

136 3127 247 3185 halavit
261 3130 324 3186 dies
341 3131 458 3201 midias,
472 3137 502 3186 et
513 3131 664 3199 ingressus
679 3135 726 3185 est
741 3128 835 3185 laeum
849 3128 964 3184 aridum
982 3108 1006 3170 C
1019 3131 1155 3201 princeps
1165 3129 1286 3187 miiitiae
1295 3129 1387 3186 Darii
1397 3141 1473 3197 sum,
1486 3126 1749 3199 etpiaaimuatilii
1759 3126 1847 3185 semt-

134 3221 163 3272 et
186 3233 387 3289 cavernosum,
410 3220 437 3274 in
459 3235 515 3290 qna
536 3234 591 3274 nan
614 3218 818 3274 inveniebatur
834 3232 917 3287 aqna,
936 3222 965 3273 et
1018 3218 1201 3284 ci,etaicliii
1213 3218 1337 3289 dianam
1351 3216 1388 3273 ud
1404 3215 1558 3287 coracini:
1572 3215 1600 3273 si
1615 3213 1795 3286 abactam,
1811 3214 1847 3271 dc

134 3307 281 3363 transiens
299 3324 349 3378 per
361 3306 453 3363 locum
467 3309 513 3378 qni
527 3308 625 3385 dictus
637 3312 683 3363 cst
696 3306 870 3374 Andriscus,
884 3307 965 3361 venit
1019 3306 1102 3364 uobis
1112 3307 1302 3364 decemmilia
1314 3301 1846 3376 armatorumeteacdaiopriaca'per

133 3393 168 3449 ad
187 3395 303 3451 ilnvinm
320 3397 466 3452 Eufraten.
487 3399 599 3452 Paneas
615 3411 684 3464 erga
697 3399 804 3463 eastra,
820 3396 911 3466 jussit
925 3395 965 3450 ai‘
1019 3398 1134 3454 austros
1150 3397 1179 3453 ct
1193 3397 1291 3468 apstine
1305 3395 1443 3453 Darium.
1464 3392 1629 3451 Alexander
1643 3391 1719 3448 dixit
1733 3412 1740 3448 :
1754 3392 1846 3465 Perae

120 3471 204 3539 'terri
222 3483 309 3554 li„na‚
327 3490 355 3539 et
370 3486 540 3557 preparavit
560 3489 675 3556 panteni
694 3499 782 3554 snpar
799 3485 893 3555 ipsum
912 3484 964 3539 lln-
1002 3486 1229 3542 ¹aaaiiiutmas
1244 3498 1343 3557 repam
1355 3484 1447 3553 tuam,
1461 3480 1846 3554 qaiaaoncreduatcatru
1888 3506 1890 3510 ¹

134 3572 212 3628 virum
228 3588 293 3628 enm
312 3573 583 3629 tabulisetcatcms
599 3574 712 3642 terreis,
727 3573 876 3643 jussitque
892 3572 964 3627 mili-

133 3660 213 3718 tibus
228 3661 288 3718 suis
309 3666 340 3717 nt
356 3662 526 3717 transirent.
548 3661 681 3727 Quicum
699 3661 879 3730 dubitarent,
898 3673 964 3732 pre·

134 3751 213 3821 cepit
224 3751 398 3808 custodibus
410 3751 575 3807 animalium
590 3759 620 3807 nt
634 3751 794 3807 transirent
807 3766 871 3806 cnm
884 3751 961 3806 enini

133 3844 275 3911 apparatu
301 3834 330 3895 ‘et
356 3840 486 3911 cibariis,
509 3845 539 3896 et
564 3847 630 3911 post
657 3841 718 3896 baec
739 3839 826 3910 jussit
856 3840 963 3896 nrilites

132 3928 268 3985 transire.
285 3929 396 3996 Quibus
409 3929 502 3985 adhue
515 3928 719 3985 dubitantibus
731 3933 758 3984 et
772 3928 898 3983 validum
912 3930 963 3984 iln-

131 4017 170 4072 vii
185 4016 218 4051 ¹⁰⁴
232 4033 350 4075 enrsnrn
371 4019 581 4088 metuentibus,
605 4018 666 4089 ipsc
684 4018 794 4090 primns
813 4017 960 4086 transivit,

131 4105 233 4178 sicque
254 4122 354 4164 omnes
378 4108 472 4164 secuti
496 4112 573 4164 sunt.
593 4106 623 4176 (i.
639 4106 715 4177 205.)
732 4106 850 4162 Fluvius
865 4110 961 4161 antem

131 4195 232 4266 Tygris
245 4200 273 4251 et
289 4198 439 4253 Eutratrcs
458 4196 568 4252 vadunt
592 4211 642 4266 per
664 4195 787 4250 irrediam
803 4195 963 4264 llcsoputa·

1017 3573 1319 3645 necaequitatis
1331 3573 1377 3631 cis
1388 3584 1569 3644 ccpuauare.
1582 3569 1736 3643 Principes
1750 3575 1845 3628 auten

1018 3663 1095 3717 barii
1106 3662 1232 3717 l'ictiret
1244 3662 1339 3733 stapsi
1350 3666 1379 3717 et
1389 3659 1509 3717 Nostadi
1521 3658 1705 3731 scripserunt
1715 3658 1804 3716 baria
1815 3659 1845 3715 de

1019 3746 1845 3820 laetisAlexandri,qnodetterramdissiparetetmultos

1019 3839 1178 3908 occideret,
1191 3842 1219 3896 et
1241 3837 1324 3894 multi
1336 3853 1371 3894 ex
1382 3837 1444 3893 suis
1456 3835 1670 3908 potentissimis
1678 3834 1844 3905 junxissent

1019 3942 1049 3984 se
1063 3928 1226 3983 Alexandro
1235 3929 1263 3982 et
1274 3925 1388 3996 regales
1400 3924 1567 3998 provincias
1578 3923 1748 3994 multosque
1759 3925 1846 3981 hone

1018 4031 1066 4072 res
1078 4016 1244 4086 acciperent
1257 4016 1293 4071 ab
1304 4029 1349 4085 co,
1360 4014 1483 4086 ideoque
1496 4012 1656 4087 prospiciat
1666 4011 1722 4069 sibi
1733 4017 1763 4069 et
1777 4012 1844 4082 illis,

1018 4108 1173 4173 antequam
1197 4102 1380 4173 ingrediatur
1395 4103 1430 4158 ad
1446 4117 1521 4158 enm.

1054 4191 1157 4248 [iarius
1171 4190 1232 4248 haee
1250 4191 1380 4261 audiens,
1395 4189 1514 4263 scripsit
1528 4186 1562 4244 ad
1576 4185 1773 4247 Alexandrum
1782 4188 1824 4246 sic
1837 4207 1843 4241 :

133 4283 218 4339 miam
235 4288 265 4341 et
282 4285 476 4356 Babyloniam,
499 4290 529 4340 et
546 4284 657 4340 intrant
673 4284 776 4340 Nilnin.
794 4285 901 4339 Ferunt
916 4298 964 4338 au·
1020 4281 1313 4338 Pea·aeaitiamuaus
1322 4280 1441 4337 castrus
1452 4277 1686 4351 epistoauetua
1694 4277 1843 4350 superbia,

133 4375 192 4428 tem
210 4373 326 4443 qnidam
342 4374 419 4443 quud
437 4374 491 4429 ista
508 4373 625 4428 buiiiiun
641 4376 831 4441 evacuentur,
848 4371 964 4442 quande
1019 4371 1099 4442 qaod
1109 4366 1674 4440 concremaueruntuocataquaru
1683 4364 1843 4425 aedissam.

132 4459 215 4517 Nilus
231 4461 352 4518 inundat
368 4460 532 4532 AEgyptnm,
547 4467 574 4517 et
589 4461 706 4531 qnando
723 4460 904 4517 subtraxerit
922 4476 963 4532 sc,
980 4466 1006 4526 Ι)
1024 4460 1106 4526 Quod
1115 4458 1142 4516 si
1150 4456 1283 4528 potuerit
1285 4457 1369 4528 sieri,
1381 4469 1479 4514 amaea
1493 4453 1655 4512 orientales
1665 4453 1711 4513 dii
1714 4453 1849 4527 paueat

130 4549 186 4605 ista
209 4550 458 4619 superabundent.
483 4553 551 4606 tuin
571 4555 667 4606 antem
693 4550 848 4606 transisset
871 4549 964 4605 anitiis
1021 4542 1676 4605 habitareiaaccidente.hiartelcceturmcus
1687 4541 1847 4600 maiades

129 4639 291 4708 exereitus,
316 4636 405 4695 rediit
430 4643 510 4695 retro
533 4638 707 4708 Alexander,
725 4642 753 4694 et
777 4638 845 4694 iecit
874 4639 963 4699 incidi
1019 4630 1845 4709 qacdsccistimicarcpurucimc,qamsiatatcrateumar·

128 4734 257 4801 pontem.
288 4729 428 4784 videntes
446 4729 501 4785 hoc
518 4728 634 4798 milites,
661 4732 813 4799 caeperunt
839 4743 965 4785 rnnrmn·
1019 4723 1131 4794 taasit,
1145 4722 1271 4798 etqaasi
1283 4734 1570 4792 rcuarcauaacquum
1580 4718 1749 4778 daiamim.
1766 4720 1845 4779 Uada

131 4832 197 4875 rare
214 4825 244 4875 et
261 4818 359 4874 dicere
376 4837 382 4872 :
399 4818 437 4875 di
450 4817 598 4876 acciderit
610 4816 694 4873 arabis
708 4817 913 4889 attfupicmas
928 4819 964 4874 dc
1016 4813 1097 4871 scias
1122 4813 1197 4884 quia
1222 4825 1281 4868 aaa
1309 4809 1462 4882 quiescam
1487 4807 1669 4882 inquietudo
1696 4809 1845 4880 iujuriam

126 4908 243 4980 pretio,
252 4906 626 4966 adramitiruasitusaabis.
639 4905 829 4972 Quibusdixit
841 4906 963 4961 Alexan·
1016 4917 1120 4960 meam.
1136 4902 1291 4973 Scriptura
1304 4900 1426 4971 quidem
1435 4898 1527 4956 anicii
1536 4896 1666 4968 estquis
1677 4896 1845 4969 bectantia·

130 4995 184 5052 der
195 5015 201 5054 :
214 4999 347 5054 Beacme
359 4995 561 5068 confortastis,
573 4994 692 5064 quaudo
704 4994 781 5051 tutia
792 4994 958 5065 reputastis
1017 4992 1073 5048 tem
1093 5005 1165 5062 crau
1183 5003 1260 5046 saeos
1278 4988 1452 5058 ostenderis,
1471 4984 1842 5058 mamistanensem,

133 5085 164 5140 et
176 5097 228 5154 cao
248 5085 375 5157 mutuae
382 5085 449 5158 saci
463 5083 586 5141 dissolui
605 5084 726 5154 pontem
741 5082 841 5147 istam,
859 5083 894 5138 at
907 5082 963 5139 uat
1014 5080 1286 5152 quocienscumque
1300 5077 1366 5135 iliis
1382 5074 1573 5148 damascenis,
1588 5086 1635 5131 mc
1649 5087 1709 5131 aaut
1723 5073 1846 5133 debelii

127 5173 272 5244 peccetis
289 5172 422 5230 viriiiter
438 5172 617 5241 strideatis,
638 5171 693 5229 aut
706 5173 734 5229 si
747 5170 960 5244 auttmsauera
1014 5163 1846 5237 ciriacam,etecoaac,stauaattisseeatsaoaaasptias

126 5260 273 5334 parutis,
285 5261 961 5333 quiueictariuacamitbisqaisaaiaat,scd
1012 5271 1058 5314 aar
1072 5257 1193 5315 habebis
1207 5255 1372 5314 inimicum.
1394 5253 1484 5311 Huac
1503 5252 1645 5311 altimum
1664 5251 1844 5312 renuntiant

129 5346 264 5421 illisqui
275 5348 457 5408 inserantur.
477 5347 734 5422 Uadeqaiaaalie
747 5347 831 5404 moda
839 5348 958 5419 jemai·
1012 5347 1157 5406 araiiduoi
1175 5343 1239 5404 tibi.

810 5445 929 5503 VAlilAE
949 5444 1148 5503 Llicllolilis.

171 5533 208 5568 ²⁰⁸
223 5549 262 5591 nr.
280 5535 311 5592 P.
329 5535 442 5592 medico
458 5540 483 5591 t.
521 5534 555 5571 ²⁰⁴
571 5536 689 5595 bavium
706 5541 730 5592 t.
769 5534 804 5570 ²⁰⁸
819 5534 956 5609 soriam
979 5548 1142 5607 persarum,
1166 5531 1202 5592 at
1222 5532 1258 5592 ia
1279 5529 1342 5591 cod.
1366 5526 1471 5591 Bcut.
1490 5526 1563 5589 ent.
1584 5527 1767 5601 amada,
1783 5529 1845 5597 leui

134 5605 336 5668 dctetiacod.
354 5613 377 5664 t.
415 5604 571 5666 ¹⁰⁸sev.t.
