3788 6000
144 203 198 268 rer
627 196 811 264 nuoorus
833 162 1009 260 nsnxufs
1030 190 1369 258 runmnrxennsrs
1794 187 1849 251 roe

143 337 335 397 monasticum
350 337 481 397 habiturn
498 336 693 409 susciperent,
716 349 768 393 nec
790 330 824 391 ad
846 331 968 389 externa
985 327 1012 390 Α
1028 329 1103 400 tero,
1115 324 1167 387 cti
1176 341 1256 402 pecc
1268 325 1383 400 mestit,
1396 322 1699 401 rtrptrttuenrmtntr
1713 321 1852 384 dedicit

144 422 970 497 monasteriademigrarent.Quodetipsedomnusfteren-
1027 412 1849 491 (tiemrrrtocotcrcdpenom.Pesigitur,qrtopreectti‚

144 516 246 587 genius
261 516 422 588 adimplere
435 515 558 586 studuit,
573 515 650 585 dum,
664 516 771 586 rejecta
789 509 971 584 praelationis
1023 523 1117 579 petros
1134 508 1208 577 fruct,
1218 508 1426 579 niagnoseunt
1440 520 1538 564 omnes
1548 507 1583 565 in
1597 506 1624 562 fe
1634 506 1710 576 quic
1723 504 1851 576 diligen-

151 605 276 676 sarcina,
291 610 322 660 ut
332 605 430 674 iustus
440 605 766 675 justificareturadbue,
780 600 970 657 monasticum
1028 598 1124 654 trente
1135 594 1850 669 diligo,etmemort'cmarr-eisccientibrtsputreci-

150 695 282 751 habitum
305 695 434 766 suscepit
450 696 478 749 iu
494 695 594 750 cedern
611 693 751 758 coenobio,
769 691 900 748 serviens
912 691 970 743 lieo
1026 685 1283 743 succinendesiste.
1298 686 1347 740 llis
1359 685 1569 740 dictisbeatam
1583 684 1724 753 virginem
1735 682 1848 738 Teclam

150 779 971 854 inincorruptionernodestictquietispiritusetniebilo·
1027 775 1183 830 ammonuit
1200 782 1232 830 ul
1247 774 1339 844 virga,
1358 789 1441 843 quam
1459 774 1582 841 ferebat,
1600 771 1704 843 pedem
1717 772 1781 842 eius
1793 787 1849 843 quo

149 872 244 928 minus
257 871 505 941 invigilanssaIuti
518 868 969 926 commissarumsibianirnarum
1026 863 1165 919 clericum
1182 866 1368 934 percusserat
1383 863 1512 918 cederet.
1528 861 1627 916 Visum
1643 864 1689 916 est
1706 859 1847 932 pontifici,

148 975 201 1030 pro
226 960 303 1015 votis
328 959 509 1031 populorum,
533 958 579 1028 qui
605 958 742 1013 nolebant
766 956 850 1011 alteri
868 955 969 1011 invita
1027 953 1177 1023 sensitque
1201 967 1233 1008 se
1259 966 1376 1021 craesum,
1403 951 1468 1022 quia
1485 955 1513 1006 et
1529 949 1681 1006 confestim
1709 964 1761 1020 pes
1786 949 1849 1019 eius

148 1047 212 1117 rjus
229 1049 360 1116 subesse,
373 1046 494 1117 eoquod
512 1050 632 1102 strenuo
645 1046 826 1102 munirentur
840 1048 968 1115 pastore,
1026 1041 1112 1111 aruit,
1130 1055 1166 1095 cx
1182 1055 1238 1109 quo
1260 1041 1394 1096 omnibus
1417 1040 1521 1095 dicbus
1545 1038 1613 1094 vilae
1628 1052 1688 1094 suae
1703 1038 1849 1095 claudica-

147 1137 195 1205 qui
209 1135 686 1207 quantobominoapproximabat,
697 1132 969 1189 tantostrenuitatis
1025 1129 1076 1184 vit.
1091 1130 1112 1184 0
1125 1129 1268 1199 stupenda
1286 1130 1387 1185 nratris
1403 1129 1514 1185 Domini
1532 1128 1635 1200 pistae,
1649 1142 1714 1198 quae
1731 1127 1848 1199 pontifi·

149 1227 179 1278 ct
195 1223 326 1292 benigna
343 1223 481 1294 puritatis
494 1237 552 1278 sum
567 1221 730 1277 certissima
747 1222 835 1277 dabat
851 1220 966 1275 indicia.
991 1210 995 1218 '
1026 1231 1086 1272 eern
1100 1232 1182 1273 suum
1195 1218 1250 1273 sibi
1261 1217 1386 1272 bdelitcr
1398 1217 1573 1273 servientem
1586 1220 1613 1271 ot
1628 1215 1768 1286 laudavit,
1783 1216 1849 1285 quia

150 1309 223 1376 Quid
241 1314 336 1366 autom
352 1311 562 1373 intercesserit,
579 1309 656 1380 qued
673 1310 802 1381 pontifex
816 1312 905 1363 tantm
921 1323 969 1363 aru·
1027 1304 1151 1360 fideliter
1163 1305 1219 1361 sibi
1231 1306 1366 1373 serviret,
1380 1313 1408 1360 ct
1422 1310 1518 1360 tamen
1531 1309 1683 1376 peecatum
1700 1301 1774 1374 ejus,
1793 1319 1849 1374 quo

148 1399 445 1468 ctoritalisetgratiae
457 1399 623 1454 monasticae
632 1415 662 1454 se
672 1398 780 1467 regulae
790 1398 969 1468 mancipare·
1026 1394 1053 1447 in
1069 1408 1217 1463 conservo,
1246 1393 1313 1449 lieet
1339 1398 1478 1464 quantum
1493 1394 1527 1449 ad
1543 1392 1665 1463 gradum
1686 1393 1847 1449 sacerdotii

147 1486 196 1556 rit,
210 1486 293 1554 eujus
305 1487 362 1541 vita
377 1486 614 1541 sanctitatiscrat
627 1486 788 1556 speculum,
803 1485 897 1541 lumen
910 1484 970 1540 ani·
1026 1481 1166 1550 inferiori,
1184 1487 1366 1552 peccaverat,
1385 1481 1548 1553 inpunitum
1565 1480 1714 1536 dimittere
1731 1479 1824 1537 noluit
1840 1499 1847 1536 τ

147 1589 270 1641 morum,
284 1572 373 1629 deeris
389 1575 511 1644 piorum,
526 1578 622 1630 terror
636 1575 839 1645 reproborum,
854 1572 919 1642 quia
933 1572 968 1626 ad
1026 1567 1080 1624 ltoc
1097 1568 1300 1625 tlertronstrans
1325 1569 1440 1638 indicio,
1457 1584 1488 1625 sc
1501 1569 1585 1638 juxta
1606 1583 1673 1624 csse
1694 1565 1847 1625 clamanti-

148 1661 176 1716 id
187 1661 315 1717 locorum
326 1661 504 1730 devenimus,
517 1667 632 1733 patrum
643 1662 720 1717 dieta
733 1665 890 1732 sequentes
901 1675 966 1731 pau·
983 1686 1011 1746 Β
1027 1658 1081 1712 bus
1091 1657 1126 1712 ad
1138 1673 1178 1725 se,
1189 1660 1217 1712 et
1230 1657 1387 1713 vindictam
1402 1672 1511 1721 eorum,
1525 1658 1547 1713 si
1561 1657 1614 1714 lesi
1628 1657 1747 1727 fuerint,
1761 1656 1848 1713 etiam

147 1749 189 1805 eis
204 1748 422 1819 explicabimus.
442 1749 592 1805 l'arrriliarc
604 1755 665 1805 erut
679 1750 742 1805 viro
755 1751 840 1805 beato
852 1753 970 1803 noctur-
1027 1745 1054 1800 in
1069 1744 1248 1801 domesticos
1265 1749 1394 1817 paratam
1412 1745 1528 1802 ulcisci!
1547 1745 1729 1801 ciaurdicavit
1750 1746 1851 1817 itaque

149 1836 241 1892 ualcnr
260 1838 382 1893 sinaxim
401 1837 566 1907 vigiliarum
583 1844 611 1894 et
627 1838 790 1893 orationum
808 1836 969 1908 praevenire
1026 1834 1192 1905 episeopus,
1209 1835 1276 1904 quia
1293 1840 1442 1891 urtotusest
1460 1835 1495 1890 ad
1508 1835 1641 1905 injuriam
1656 1835 1781 1905 proximi
1799 1849 1851 1906 pes

152 1925 299 1995 instantia,
325 1925 461 1995 quintinus
485 1926 628 1982 sacrificio
644 1926 764 1982 contriti
780 1929 809 1981 et
826 1924 968 1982 humiliati
1026 1921 1099 1991 ejus,
1117 1928 1145 1978 et
1162 1921 1244 1978 effusi
1262 1927 1328 1979 sunt
1341 1937 1463 1992 gressus
1473 1922 1544 1991 ejus.
1559 1923 1613 1978 Sed
1625 1922 1726 1979 didicit
1743 1922 1770 1977 in
1789 1921 1848 1994 ipsa

146 2013 277 2084 spiritus,
305 2013 421 2084 superni
447 2014 622 2085 inspectoris
648 2014 749 2070 oculos
773 2028 914 2085 superse
939 2016 968 2067 ct

148 2115 235 2172 super
250 2103 433 2158 eotnmlssum
450 2103 503 2157 sibi
520 2118 636 2173 gregem
652 2103 802 2158 intendere
819 2101 968 2157 cotidiana

148 2194 319 2260 provocaret
329 2190 620 2247 votorumindustria.
634 2190 686 2260 (uf.
700 2189 791 2248 Gesta
810 2191 904 2260 Virri.)
918 2190 969 2245 Cui

147 2279 227 2348 operi
245 2278 311 2334 dum
324 2292 355 2334 sc
369 2293 422 2334 una
439 2283 523 2335 nocte
540 2279 716 2349 accingeret,
729 2283 769 2347 ct,
783 2293 840 2335 uno
856 2281 970 2333 tantum

148 2368 306 2422 contentus
323 2367 427 2422 comite
448 2362 644 2437 qui'lucernae
659 2367 685 2421 ei
703 2366 897 2422 famulabatur
913 2365 971 2421 otii-

145 2455 202 2526 cio,
220 2455 384 2511 aecclesiam
402 2455 590 2527 principalem
606 2460 715 2512 saneim
727 2455 821 2511 itariae
838 2453 971 2524 ingrede-

1027 2024 1077 2065 sua
1095 2010 1265 2065 infirmitate
1276 2026 1395 2080 gressus
1411 2016 1507 2067 rectos
1524 2011 1628 2080 faeere,
1642 2011 1701 2080 ubl,
1717 2009 1792 2082 quod
1805 2025 1849 2067 ar-

1027 2098 1157 2167 rogantia
1173 2097 1346 2169 deliquerat,
1368 2099 1481 2155 studuit
1498 2099 1663 2155 iuutrnilitate
1687 2099 1846 2169 corrigere.

1027 2187 1105 2241 Mane
1122 2187 1229 2242 etenim
1248 2188 1334 2256 facto,
1348 2203 1412 2244 cum
1426 2187 1510 2243 fidem
1528 2188 1625 2243 verbis
1641 2189 1750 2244 faceret
1765 2202 1849 2259 poena

1027 2274 1208 2347 temporalis
1221 2277 1248 2330 in
1259 2279 1403 2332 conventu
1414 2275 1554 2332 aecclesiae
1564 2276 1702 2332 clericum
1713 2290 1799 2346 quem
1812 2275 1852 2331 le·

1027 2368 1104 2419 serat
1126 2363 1286 2434 requisivit,
1309 2365 1398 2419 errati
1421 2364 1536 2435 eulpam
1552 2364 1680 2433 agnovit,
1695 2364 1852 2420 confessus

1026 2458 1080 2521 est,
1095 2456 1123 2507 ct
1138 2452 1212 2522 qued
1229 2452 1406 2523 patiebatur,
1420 2467 1472 2508 eur
1484 2457 1636 2523 pateretur
1647 2451 1740 2524 palam
1752 2456 1852 2524 prote·

149 2548 242 2612 retur,
261 2543 322 2612 (fol.
334 2548 391 2613 71.)
408 2544 475 2599 dum
488 2544 694 2616 pedetemptim
706 2544 843 2614 gradiens
859 2543 970 2599 nullum
1027 2543 1123 2595 status
1139 2545 1192 2596 cst.
1208 2541 1288 2612 Cepit
1303 2541 1361 2611 jam
1375 2543 1499 2611 uterque
1513 2541 1548 2596 de
1559 2540 1747 2612 correptione
1764 2541 1851 2597 unius

153 2631 213 2686 illic
237 2645 303 2686 esse
328 2635 445 2702 putaret
461 2632 487 2686 in
505 2648 588 2701 quem
605 2632 777 2703 offenderet,
794 2648 859 2690 cum
875 2632 970 2688 omnia
1026 2629 1178 2699 preficere,
1192 2634 1222 2685 ut
1235 2629 1311 2698 quod
1330 2628 1376 2684 uni
1394 2629 1508 2699 oberat,
1522 2630 1663 2685 ambobus
1679 2629 1847 2700 prodesset,

154 2717 287 2788 silerent,
304 2724 332 2773 ct
349 2720 436 2773 etiam
448 2719 470 2775 si
483 2720 533 2788 qui
547 2720 653 2776 occulti
670 2725 803 2776 oratores
818 2720 857 2775 ibi
872 2723 969 2777 essent
1027 2724 1057 2774 et
1072 2717 1205 2790 exemplo
1221 2733 1320 2774 eorum
1337 2718 1480 2775 omnibus.
1494 2720 1563 2774 llam
1576 2718 1677 2789 paucis
1691 2718 1847 2775 admodum

151 2805 288 2862 adventui
306 2822 358 2862 suo
373 2821 425 2862 eos
438 2807 543 2863 cedere
557 2809 703 2879 erederet,
717 2809 742 2863 in
757 2808 818 2880 ipso
834 2809 914 2865 ebori
931 2809 972 2864 in·
1028 2806 1536 2878 interpositisdiebusrnonasterium
1548 2807 1808 2879 petiitepiscopus,
1819 2815 1849 2863 et

150 2909 262 2965 gressu,
280 2895 347 2951 dum
358 2895 411 2951 sibi
430 2896 524 2952 minus
537 2902 631 2967 eavct,
649 2898 768 2954 offendit
781 2899 807 2953 in
820 2898 969 2968 clericum,
1028 2894 1203 2951 burnilitatis
1226 2896 1349 2951 vestitus
1370 2896 1478 2952 amictu
1498 2895 1643 2952 serviebat
1660 2895 1848 2967 pauperibus,

153 2982 268 3039 nomino
284 2984 463 3053 bernerium,
478 2985 664 3056 prepositum
677 2985 806 3057 ejusdem
819 2986 969 3055 eeclesiae,
1028 2999 1139 3056 pauper
1155 2990 1185 3039 ct.
1201 2983 1262 3055 ipse
1278 2984 1394 3055 spiritu.
1411 2986 1471 3040 Non
1488 2988 1584 3039 tamen
1603 2982 1734 3040 deseruit
1749 2998 1850 3040 curam

149 3072 198 3143 qui
214 3076 284 3129 tune
297 3073 371 3130 forte
382 3074 445 3130 solo
461 3076 627 3144 prostratus
642 3075 861 3133 matutinarium
879 3077 971 3131 beatus
987 3038 1013 3104 G
1028 3073 1181 3143 episcopii,
1200 3088 1283 3144 quarn
1301 3077 1332 3128 ut
1349 3088 1405 3128 non
1422 3072 1571 3128 desereret
1586 3072 1682 3142 exegit
1699 3086 1779 3128 amor
1793 3072 1852 3129 cle·

148 3160 459 3239 Virginisdecantabat
472 3166 761 3234 cursum,et,utpost
775 3164 878 3235 patuit,
890 3167 971 3218 totus
1028 3162 1051 3216 ri
1069 3165 1097 3216 et
1115 3161 1223 3233 populi,
1241 3162 1309 3232 quin
1332 3162 1429 3233 potius
1446 3165 1558 3218 tantum
1575 3161 1756 3231 augebantur
1772 3161 1800 3217 in
1816 3175 1851 3218 eo

149 3247 184 3303 ad
196 3248 301 3305 altiora
315 3265 406 3321 penna
415 3249 579 3305 devotionis
591 3250 907 3322 subreptusinmatris
918 3253 972 3307 lto·
1027 3249 1108 3306 lucra
1124 3251 1276 3320 virtutum,
1291 3257 1399 3321 quanto
1414 3249 1582 3305 ferventiori
1599 3249 1749 3321 proposito
1763 3249 1852 3307 adbe-

151 3337 441 3392 minisoextcndcbat
452 3337 596 3394 laudibus.
606 3338 695 3404 Quem
708 3340 838 3410 pontifex
850 3339 912 3395 solo
924 3341 972 3395 be-
1028 3340 1109 3394 rebat
1127 3339 1247 3394 Domino
1269 3339 1421 3395 virtutum.
1438 3339 1613 3394 Memoratus
1628 3352 1698 3394 vero
1713 3335 1849 3409 clericus,

149 3425 798 3498 rentcmsibiadsurrexisscnonvidens,pedo
811 3429 968 3500 percussit,
1029 3427 1110 3483 urbis
1133 3427 1224 3498 ipsius
1248 3428 1434 3499 prepositus,
1453 3427 1480 3482 in
1497 3441 1594 3483 arnone
1616 3427 1708 3482 bealae
1723 3426 1853 3497 Virginis

148 3513 351 3585 etutecderet,
364 3528 468 3569 vercor·
482 3513 627 3587 [ne‚E.P.]
644 3515 872 3587 nonsinealiqua
884 3517 970 3572 animi
1028 3529 1209 3588 permanens
1229 3522 1258 3572 ct
1273 3516 1421 3587 obsequiis
1445 3517 1508 3587 ejus
1529 3515 1640 3586 jugiter
1654 3515 1804 3585 inherens,
1822 3516 1850 3572 in

149 3602 368 3670 stomacatione,
381 3602 549 3657 anunonuit.
565 3605 600 3657 nt
610 3602 758 3673 illcjussis
770 3605 877 3676 paruit,
888 3609 918 3659 ct
927 3619 970 3661 sc·
1026 3604 1159 3661 aecciesia
1171 3605 1233 3675 ejus
1245 3606 1369 3662 devotus
1379 3605 1520 3677 perstitit,
1533 3604 1742 3661 monasterium
1755 3604 1850 3661 saneti

148 3690 255 3745 cedens
267 3691 293 3745 in
306 3695 428 3761 partem,
447 3690 617 3745 intendebat
630 3691 675 3746 his
691 3707 755 3762 quae
770 3697 899 3764 ceperat.
918 3694 970 3748 ve·
1026 3691 1105 3746 Petri
1121 3706 1173 3762 pro
1190 3691 1244 3746 loci
1270 3691 1360 3762 ipsius
1384 3691 1539 3748 nobilitate
1561 3690 1653 3746 multo
1670 3704 1768 3746 amore
1786 3689 1850 3747 dili-

90 3790 96 3807 ¹
149 3793 212 3834 rum
228 3777 393 3834 matutinali
414 3779 540 3834 decurso
561 3779 665 3848 officio,
687 3780 735 3836 ubi
752 3780 860 3852 praesul
875 3781 970 3837 fessos
1025 3793 1106 3848 gens,
1123 3784 1151 3835 et
1168 3780 1317 3835 innumera
1333 3780 1406 3836 dona
1421 3779 1483 3836 auri
1500 3782 1587 3849 atque
1603 3778 1728 3848 argenti,
1747 3778 1851 3849 pallio-

147 3866 250 3922 stratis
261 3865 363 3921 indidit
377 3870 470 3936 artus,
483 3865 564 3922 adest
579 3868 663 3923 licata
675 3868 724 3923 Ilei
737 3868 864 3938 genitrix
876 3869 971 3925 beatis
1026 3883 1089 3923 rum
1106 3873 1194 3938 atquc
1210 3867 1350 3924 librorum
1364 3869 1526 3924 conferens.
1544 3866 1627 3923 Dedit
1645 3867 1733 3922 etiam
1748 3867 1851 3923 recclc·

149 3954 251 4011 dextra
268 3953 534 4025 levaquecernitata
547 3955 710 4024 virginibus
725 3959 805 4027 Agite
821 3960 970 4027 atquefe-
1027 3956 1077 4011 sire
1101 3957 1194 4013 eidem
1218 3971 1250 4012 ea
1277 3971 1341 4026 quae
1366 3955 1537 4028 possidebat
1558 3955 1586 4010 in
1607 3955 1677 4011 Exio
1698 3955 1725 4010 in
1746 3955 1849 4025 vineis,

147 4042 205 4111 cla,
220 4059 255 4100 eo
269 4043 368 4099 babitu
385 4046 472 4114 atquc
489 4043 604 4099 decenti
621 4050 761 4116 apparatu
779 4061 836 4117 quo
851 4046 969 4115 agnosci
1025 4044 1147 4116 enrupis,
1160 4046 1243 4116 aquis
1257 4060 1457 4116 aquarumque
1473 4044 1602 4100 exitibus
1614 4048 1642 4099 et
1656 4043 1849 4108 decursibus;

149 4137 249 4204 posset
268 4133 302 4188 ab
319 4132 454 4189 omnibus
464 4137 556 4188 iurator
567 4136 597 4187 et
608 4148 711 4205 sponsa
728 4135 815 4204 Regis
830 4136 968 4204 omnium,
1027 4133 1102 4188 unde
1113 4137 1142 4188 et
1154 4149 1274 4205 prosuae
1290 4134 1457 4190 sanctitatis
1473 4133 1579 4189 merito
1595 4132 1753 4189 defunctus
1765 4131 1792 4186 in
1805 4145 1851 4187 ea·

148 4221 228 4278 salus
240 4227 270 4276 et
282 4220 407 4277 dulcedo
420 4220 556 4277 fidelium.
576 4223 702 4293 Cumque
713 4222 789 4278 lecte
801 4223 892 4294 ipsius
902 4222 971 4279 asti·
1027 4220 1090 4276 dem
1099 4221 1228 4278 ecelesia
1237 4219 1851 4293 intersepulcraepiscoporumeondignam

147 4309 245 4377 tisset,
262 4312 292 4364 et
305 4308 431 4378 jacentis
447 4310 560 4364 animus
572 4308 606 4364 ad
619 4314 707 4366 tantae
722 4310 843 4367 visionis
859 4310 970 4366 nouita—
1027 4310 1133 4366 meruit
1155 4309 1336 4381 sepulturam
1352 4315 1385 4366 tti
1403 4310 1545 4366 Kalendas
1560 4309 1634 4365 lfaii.

147 4399 207 4451 tem
234 4399 358 4466 stupens
380 4397 508 4466 hereret,
527 4398 563 4451 ab
578 4397 678 4451 eadem
704 4400 800 4467 regina
826 4399 969 4469 virginum
984 4389 1011 4452 D
1064 4396 1134 4468 (fol.
1152 4397 1217 4469 it'.)
1235 4398 1387 4455 Lotbarius
1403 4398 1493 4467 igitur
1509 4413 1560 4453 rex
1577 4399 1754 4454 Francorum
1770 4397 1852 4468 quin·

148 4481 253 4539 blande
265 4488 310 4538 est
323 4482 484 4554 requisitus
495 4499 558 4539 curn
573 4484 710 4541 clericum
726 4501 807 4543 suum
821 4487 875 4542 sibi
886 4488 970 4544 devo·
1028 4490 1075 4543 tus
1090 4501 1104 4542 a
1121 4486 1225 4542 Karolo
1249 4487 1336 4543 Calvo
1360 4501 1530 4556 germanum
1555 4485 1656 4543 babuit
1673 4487 1794 4542 fratrem
1808 4486 1853 4555 ju·

147 4573 219 4640 tum,
249 4585 346 4627 secum
372 4571 549 4642 loquentem,
572 4572 607 4627 ad
624 4588 654 4629 se
671 4580 763 4630 toturn
788 4590 968 4647 suspensum,

147 4659 221 4733 pede
236 4659 425 4732 percusserit,
438 4660 516 4716 etde
534 4659 608 4730 loeo,
625 4675 682 4731 quo
697 4663 723 4717 ci
741 4664 865 4734 astabat,
880 4664 970 4719 demi·

146 4762 233 4818 grare
247 4747 387 4818 coegerit,
404 4745 646 4819 devotionemque
661 4749 732 4821 ejus,
746 4765 801 4821 qua
813 4766 911 4809 secum
927 4756 970 4809 to·

148 4841 194 4894 tus
209 4838 321 4906 aderat,
349 4836 524 4908 impedierit.
542 4836 604 4903 Quo
620 4837 724 4895 silente
740 4843 770 4895 et
784 4839 895 4896 vultum
912 4856 969 4898 rna·

147 4925 202 4980 tris
214 4925 425 4983 misericordiae
437 4925 617 4982 conscientia
629 4926 742 4997 trepida
755 4929 902 5000 respicere
915 4930 970 4985 for-

147 5011 285 5082 midante,
312 5013 364 5070 sed
389 5020 484 5071 tamen
501 5013 536 5069 de
552 5013 616 5084 eius
630 5015 828 5072 nrisericordia
851 5031 906 5072 non
922 5016 969 5073 de-

149 5104 296 5169 sperante,
310 5102 348 5155 ait
361 5101 509 5172 singulare
524 5101 697 5158 miserorum
713 5103 888 5175 confugium,
902 5119 968 5176 spes

147 5188 177 5241 et
194 5186 355 5242 consolatio
371 5188 521 5246 bumilium
534 5209 540 5243 ε
553 5190 762 5260 erqrtidem
770 5192 863 5248 michi
878 5194 970 5250 errei-

146 5271 969 5348 rtt,cmrtnccrnrmmrrtrtorurtc,recrescentem

147 5361 268 5432 errasti,
283 5362 314 5418 et
324 5363 432 5420 metina
442 5365 489 5421 eet
499 5365 537 5422 ut
554 5379 633 5423 acac
647 5365 863 5438 mettensem
875 5369 969 5426 eusci-

145 5450 225 5521 pios,
237 5449 375 5523 oniperto
384 5452 560 5523 mnnisflrtis
570 5452 760 5525 cetetonem,
771 5468 864 5528 quent
877 5455 968 5527 insc-

1027 4575 1135 4631 niorem
1157 4589 1188 4630 se
1205 4575 1350 4645 llarolum,
1378 4590 1496 4631 uxorem
1524 4580 1622 4631 autem
1647 4575 1785 4644 Emmam,
1803 4575 1853 4629 lo·

1025 4663 1114 4719 tbarii
1125 4663 1202 4733 regis
1213 4663 1305 4720 ltaliae
1316 4668 1345 4719 et
1358 4663 1526 4719 bdbcleidis
1540 4666 1605 4734 post
1615 4662 1812 4735 imperatricis
1822 4661 1852 4717 ii-

1027 4750 1105 4818 liam,
1117 4765 1219 4821 exque
1237 4752 1368 4823 suscepit
1383 4751 1472 4807 filiurn
1488 4750 1675 4822 Ludovicum,
1692 4751 1740 4822 qui
1757 4751 1853 4808 adbuc

1027 4854 1100 4911 puer
1112 4839 1256 4896 blanciam
1270 4839 1353 4895 duxit
1365 4854 1496 4896 uxorem.
1511 4840 1604 4911 [chn.
1618 4854 1658 4910 nr,
1671 4839 1729 4911 92.)
1746 4840 1853 4897 Habuit

1028 4932 1057 4984 et
1070 4927 1852 4999 filiurmalterumexquadamnobilipueliabrnulfunr,

1027 5016 1077 5086 qui
1093 5016 1215 5087 primum
1239 5020 1396 5087 natusest,
1416 5015 1600 5088 postmodum
1625 5018 1797 5073 Remensem
1813 5033 1855 5073 ar-

1026 5103 1252 5175 clriepiseopum.
1266 5104 1402 5161 liacolum
1411 5105 1548 5161 fraternae
1557 5105 1660 5161 uxoris
1672 5106 1857 5176 protervitas

1025 5190 1165 5262 cornpulit
1177 5196 1208 5246 et
1220 5191 1315 5264 inopia
1328 5191 1369 5248 rei
1382 5190 1534 5248 familiaris
1549 5193 1661 5265 patrios
1677 5193 1751 5250 fines
1766 5194 1856 5249 retin-

1026 5294 1115 5350 quere
1135 5281 1164 5335 et
1186 5280 1285 5337 Ottoni
1310 5280 1454 5337 Saxonum
1482 5273 1649 5353 imperatori
1676 5281 1853 5340 secedere.

1026 5369 1137 5426 lfortuo
1163 5369 1287 5439 Lutario,
1313 5369 1476 5427 Ludovieus
1502 5365 1581 5427 tilius
1606 5371 1763 5442 successit,
1779 5375 1811 5427 et
1827 5373 1856 5428 in

1028 5457 1160 5529 primevo
1172 5458 1243 5517 licre
1253 5457 1418 5529 iuuentutis
1428 5458 1521 5527 obiit;
1536 5459 1634 5532 inquo
1646 5459 1754 5518 defecit
1768 5474 1856 5532 gene·
