3788 5992
85 206 147 269 589

520 198 739 269 canonica.
762 239 796 250 -
812 184 1052 268 canonican
1072 193 1347 272 uxmnnsaun.

1727 194 1788 306 eoo

80 339 242 410 iuvenibus
258 335 466 395 audacioribus
486 352 606 393 numero
624 341 659 392 27
673 335 835 408 evaginatis
847 336 908 407 gla-
921 338 950 400 Α
965 350 1078 408 quoque
1093 353 1193 396 omnes
1203 354 1303 397 rocem
1315 342 1399 412 quasi
1410 342 1446 398 de
1460 343 1535 401 coelo
1557 344 1613 401 sibi
1624 346 1787 418 precipien-

84 427 142 483 diis
162 428 232 485 nudi
257 425 381 494 ingressi
406 429 472 483 suut
488 425 616 495 iluvium,
635 425 685 480 sed
702 430 856 495 surgentes
871 438 907 480 ex

82 530 119 572 eo
136 516 320 585 bestiaeque
350 514 487 571 dicuntur
515 514 663 585 yppotami
692 513 905 569 devoraverunt

82 617 144 658 eos.
172 605 314 674 Gyrantes
328 606 424 658 autem
440 601 530 657 ceteri
546 601 654 656 milites
671 600 789 657 iluvium
800 614 835 655 ex
851 600 906 657 alia

82 694 178 761 parte,
189 695 384 760 perrexerunt
396 688 906 761 superius,etinveneruntstaguum

82 777 179 849 dulce,
203 779 302 847 ibique
316 778 508 849 applicantes,
535 777 711 834 accederunt
723 778 811 832 locos.
830 778 906 832 liora

82 880 153 921 vero
167 866 263 922 noctis
279 866 370 921 tercia
383 870 525 920 exeuntes
540 864 638 921 subito
655 864 795 936 exipsius
810 863 906 933 stagni

81 953 258 1008 arundineto
286 953 354 1008 serae
383 952 547 1022 silvestrae,
575 957 717 1008 venerunt
745 952 780 1007 ad
810 952 906 1022 ipsum

81 1044 218 1111 stagnum
235 1041 347 1111 bibere,
361 1040 460 1097 leones
480 1041 559 1097 mirae
576 1040 793 1110 magnitudinis,
812 1038 904 1111 pardi,

81 1129 217 1200 tigrides,
230 1131 313 1202 porei
330 1129 457 1185 silvatici
473 1129 614 1186 babentes
626 1131 730 1186 dentes
740 1130 768 1184 in
779 1128 906 1198 longitu-

81 1217 149 1274 dine
163 1218 254 1275 cubiti
282 1219 379 1288 unius,
396 1218 543 1289 elephanti
559 1232 675 1288 quoque
690 1224 718 1274 et
735 1216 907 1288 scorpiones

80 1307 224 1363 babentes
240 1306 452 1377 longitudinem
481 1307 569 1362 unius
593 1306 693 1362 cubiti.
711 1307 860 1362 Venerunt
875 1308 904 1360 ct

79 1395 211 1451 homines
227 1395 367 1464 silvatici,
383 1395 523 1451 babentes
539 1409 590 1450 sex
602 1394 708 1463 digitos
724 1394 752 1448 in
773 1393 907 1449 manibus

963 428 1031 496 tem,
1044 431 1073 481 ut
1087 427 1184 484 nullus
1200 428 1309 499 aliquid
1328 430 1472 487 incideret
1488 447 1522 487 cx
1534 432 1606 502 ipsis
1617 434 1783 507 arboribus,

964 514 1030 583 quia
1047 514 1095 585 qui
1112 516 1220 572 iaceret
1252 517 1417 576 moriretur.
1437 521 1524 575 Erant
1542 519 1581 575 ibi
1596 525 1625 576 et
1655 522 1785 578 volatilia

963 603 1125 674 mitissima,
1143 605 1194 660 sed
1221 607 1397 677 quicumque
1426 606 1563 664 volebant
1593 623 1627 664 ea
1653 613 1784 683 tangere,

962 691 1099 747 exiebant
1113 693 1188 762 ignis
1199 694 1477 752 etincendebateos.
1487 698 1634 754 lloventes
1645 699 1732 754 etiarn
1745 699 1786 756 in·

963 780 1008 851 de,
1024 786 1166 837 venerunt
1182 782 1209 837 in
1225 782 1297 839 dues
1313 785 1413 840 oceani
1426 785 1524 854 maris,
1541 791 1571 840 et
1585 785 1740 843 audierunt
1756 786 1784 843 in

962 867 1056 924 insula
1068 868 1191 939 quadam
1202 870 1333 927 homines
1352 871 1504 942 loquentes
1515 874 1634 929 Grecam
1647 874 1782 942 linguam.

963 955 1084 1021 Quidam
1101 972 1169 1013 vero
1184 972 1220 1013 ex
1242 960 1385 1017 militibus
1401 965 1543 1017 exuentes
1559 976 1600 1031 se,
1628 961 1785 1019 voluerunt

962 1043 1074 1113 ingredi
1090 1045 1126 1101 ad
1154 1046 1245 1118 ipsam
1271 1047 1405 1119 insulam,
1433 1047 1485 1104 sed
1513 1053 1666 1119 surgentes
1682 1051 1785 1108 bestiae

962 1132 1092 1201 quaedam
1109 1133 1145 1189 de
1161 1135 1242 1205 mari,
1260 1136 1519 1206 apprehenderunt
1533 1153 1568 1194 ex
1583 1138 1626 1194 eis
1637 1137 1739 1207 viginti
1755 1143 1783 1196 et

962 1221 1186 1277 submerserunt
1201 1222 1227 1277 in
1246 1223 1430 1294 protundum.

997 1308 1107 1363 Exinde
1122 1315 1265 1365 venerunt
1283 1312 1310 1366 in
1326 1310 1420 1368 locum
1434 1313 1587 1383 quendam,
1605 1313 1630 1368 in
1648 1329 1705 1385 qno
1721 1318 1784 1370 crat

962 1396 1049 1451 arbor
1061 1411 1154 1467 neque
1168 1399 1292 1455 fructum
1304 1399 1416 1456 babens
1428 1416 1521 1472 neque
1533 1401 1611 1472 lolia,
1621 1406 1650 1458 et
1664 1402 1786 1459 sedebat

79 1486 108 1540 ct
126 1483 261 1555 pedibuS,
279 1483 327 1554 qui
354 1484 502 1540 incursum
519 1497 653 1552 magnum
669 1482 799 1539 iaecrunt
815 1494 906 1552 super

79 1571 199 1642 milites,
218 1572 268 1628 sed
284 1587 349 1627 eum
368 1570 477 1627 lanceis
492 1575 521 1625 et
538 1570 654 1640 sagittis
665 1571 816 1641 ejecerunt
827 1582 905 1625 cosa

25 1679 29 1686 ·
79 1675 121 1718 se.
139 1662 305 1717 Posuerunt
333 1665 430 1717 autern
461 1660 554 1715 locum
571 1660 599 1713 in
626 1659 689 1730 ipsa
706 1657 780 1714 silva
795 1657 825 1728 (l.
841 1657 947 1748 213)B

962 1498 1128 1554 supeream
1154 1486 1226 1557 avis,
1244 1488 1353 1544 habens
1368 1503 1456 1560 super
1480 1494 1568 1561 caput
1585 1505 1670 1547 suum
1685 1490 1784 1548 radios

962 1569 1096 1628 lucentes
1112 1573 1189 1630 sicut
1203 1574 1257 1631 sol.

997 1661 1105 1716 lleinde
1121 1668 1265 1719 venerunt
1285 1663 1319 1719 ad
1337 1669 1462 1720 montem
1487 1667 1640 1738 quendam,
1657 1668 1785 1739 subque

78 1749 265 1819 arundinum,
291 1753 322 1805 ut
340 1749 475 1818 lugerent
503 1747 575 1818 ipsae
592 1748 669 1816 ierae,
685 1751 715 1802 et
730 1760 810 1817 ecce,
825 1745 906 1802 veuit
961 1749 1115 1821 oratripa,
1132 1749 1231 1821 inqua
1256 1752 1402 1823 pendebat
1428 1755 1531 1809 catena
1549 1768 1645 1824 aurea,
1662 1758 1690 1809 et
1720 1755 1785 1826 ipse

77 1833 900 1910 superousbestiamiraetortitudinis,t0rti0relephante,
962 1838 1180 1894 monshabcbat
1206 1841 1315 1909 gradus
1330 1841 1375 1897 bis
1391 1841 1469 1898 mille
1485 1846 1513 1897 et
1544 1842 1720 1912 quingentos
1748 1856 1785 1898 ex

78 1941 143 1999 quae
155 1926 270 1981 irruens
289 1923 397 1981 occidit
412 1938 449 1978 ex
464 1924 507 1979 eis
528 1922 632 1992 viginti
646 1937 708 1994 sex,
726 1921 841 1994 quidam
857 1937 907 1978 au·
962 1927 1088 1997 saphiro.
1102 1927 1242 1983 Ascendit
1254 1935 1351 1985 autem
1373 1929 1536 1986 Alexander
1548 1936 1673 1986 montem
1690 1931 1784 2001 ipsum

76 2019 136 2072 tem
154 2013 258 2069 armati
285 2013 457 2070 oeciderunt
472 2027 545 2068 eam.
572 2012 709 2083 Sequenti
733 2025 803 2067 vero
819 2013 906 2066 nocte
961 2030 1025 2071 cum
1036 2015 1194 2085 aliquantis
1206 2016 1358 2086 militibus,
1371 2022 1400 2073 et
1413 2018 1524 2074 invenit
1541 2017 1579 2072 ibi
1593 2017 1743 2090 palatium,
1755 2017 1785 2074 in

75 2105 215 2160 exierunt
230 2117 267 2158 ex
283 2115 369 2157 arena
386 2101 490 2173 vulpes
505 2105 534 2155 et
549 2098 712 2171 cocodrilli,
725 2104 755 2155 et
770 2098 907 2155 comede·
962 2117 1019 2174 quo
1031 2108 1094 2159 erat
1106 2104 1246 2175 templum
1272 2110 1365 2161 totum
1377 2120 1507 2176 aureum,
1520 2110 1549 2162 et
1562 2106 1589 2160 in
1599 2120 1633 2162 eo
1650 2111 1785 2179 tympana

75 2194 285 2263 bantcorpora
303 2188 646 2247 mortuorumvolabaut
667 2189 706 2243 ibi
718 2192 748 2244 et
764 2187 908 2258 vespertl-
962 2197 992 2246 et
1017 2192 1141 2247 cimbala
1157 2207 1193 2248 ex
1209 2207 1291 2264 auro,
1307 2197 1336 2249 et
1360 2192 1456 2250 lectus
1478 2208 1543 2250 curn
1559 2193 1786 2265 preciosissimis

79 2279 178 2337 liones
192 2284 250 2334 tam
267 2277 361 2348 magni
373 2277 449 2333 sicut
462 2274 614 2347 columbae,
623 2290 746 2347 quorum
758 2275 861 2330 dentes
874 2278 904 2330 nt
962 2278 1153 2337 lectisterniis
1164 2280 1191 2335 in
1200 2280 1785 2351 quoiacebathomomagnilreentissimus

83 2368 221 2438 bominis,
238 2368 286 2438 qui
312 2366 484 2422 mordebant
510 2365 651 2436 homiues,
681 2364 848 2421 auferentes
863 2363 907 2420 eis
962 2371 992 2424 et
1002 2367 1192 2435 clarissimus,
1205 2369 1326 2424 indutus
1337 2368 1403 2423 alba
1415 2372 1495 2424 veste
1505 2368 1666 2440 bombicea,
1680 2375 1784 2427 oruata

83 2471 171 2514 nares
185 2463 215 2513 et
229 2470 316 2513 aures
331 2461 360 2512 et
376 2455 493 2524 digitos.
961 2469 997 2512 ex
1013 2470 1084 2512 auro
1099 2459 1127 2511 et
1152 2455 1298 2527 lapidibus
1314 2455 1464 2527 preciosis,
1480 2462 1509 2511 et
1529 2471 1607 2512 enea
1621 2471 1685 2512 eum
1701 2457 1784 2514 vinca

116 2547 265 2602 lioventes
279 2544 357 2615 inde,
380 2548 521 2601 venerunt
539 2543 567 2599 in
582 2556 715 2613 campum
732 2541 780 2612 qui
796 2539 906 2597 dicitur
963 2558 1060 2614 aurea,
1072 2545 1168 2602 terens
1179 2544 1280 2601 botros
1292 2559 1328 2599 ex
1343 2544 1491 2615 lapidibus
1506 2545 1657 2616 preciosis.
1676 2545 1787 2602 Adora-

84 2635 178 2706 notia,
197 2634 225 2688 in
249 2635 333 2705 cujus
360 2633 485 2689 circuitu
499 2637 564 2688 crat
592 2631 664 2688 silva
693 2629 860 2694 condensa;
876 2632 907 2684 et
962 2633 1113 2703 vitataque
1131 2632 1450 2690 Alexanderhominem
1464 2633 1607 2705 ipsum,et
1621 2633 1782 2689 deseendit.

81 2729 168 2779 erant
183 2721 571 2789 ibiarboreslrnctiierae,ex
588 2717 907 2791 quibusnutriebantur
998 2722 1040 2778 ab
1056 2720 1191 2777 hocloco
1220 2721 1349 2792 perrexit
1367 2736 1418 2793 per
1432 2723 1587 2778 continuos
1618 2722 1784 2792 quindecim

80 2811 362 2881 bominesagrestcs,
384 2810 659 2866 babenteslormam
679 2813 847 2880 gygantum,
865 2805 907 2861 in·
962 2810 1036 2877 dies,
1052 2813 1081 2865 ct
1098 2809 1174 2865 venit
1192 2810 1220 2866 in
1244 2814 1353 2866 terram
1370 2791 1434 2882 quae
1451 2811 1714 2867 diciturl‘rasiaca.
1734 2811 1785 2867 Co·

83 2900 148 2957 duti
163 2901 339 2958 vestimento
365 2899 491 2971 pellicio,
509 2900 558 2971 qui
573 2903 716 2955 exeuntes
732 2909 797 2952 cum
814 2893 907 2963 longis
961 2902 1136 2968 gnoscentes
1152 2903 1249 2954 autem
1274 2899 1431 2956 adrentum
1447 2898 1510 2969 ejus
1537 2899 1668 2956 homines
1698 2905 1785 2955 terrae

80 2991 179 3047 contis
196 2990 368 3046 occiderunt
386 2989 527 3058 quosdam
549 2989 584 3044 de
599 2987 741 3043 exercitu.
759 2983 842 3051 Quod
865 2983 907 3039 ri·
963 2985 1379 3058 illius,addnxerunteixenia,
1390 2986 1785 3058 pellesexpiscibnssimiles
1828 3040 1829 3044 ,

83 3081 156 3136 dens
172 3078 347 3149 Alexander,
360 3078 491 3149 precepit
507 3092 576 3134 suos
587 3076 758 3134 vociferare.
772 3072 824 3139 Qui
840 3087 906 3129 cum
922 3046 946 3110 C
962 3073 1090 3145 pellibus
1106 3074 1310 3146 leopardorum
1320 3079 1348 3131 et
1363 3075 1453 3147 pelles
1461 3090 1646 3132 murenarum
1659 3074 1785 3144 longitu-

82 3168 245 3225 clamareut
271 3167 383 3235 magnis
400 3167 531 3237 vocibus,
547 3167 708 3222 timuerunt
726 3162 767 3218 illi
781 3169 810 3218 et
827 3161 907 3231 luge·
963 3162 1029 3218 dine
1044 3163 1209 3220 cubitorum
1235 3178 1296 3220 sex.
1324 3166 1392 3220 llrat
1408 3165 1446 3220 ibi
1462 3165 1566 3220 civitas
1595 3171 1706 3220 murata
1723 3162 1785 3218 siue

76 3260 158 3328 runt,
176 3257 243 3328 quia
259 3270 314 3312 non
336 3264 419 3311 erant
435 3254 494 3311 illis
510 3254 635 3324 cognitae
660 3267 746 3311 uoces
761 3252 903 3308 humanae.
961 3250 1184 3323 calce,precisis
1195 3267 1231 3308 ex
1242 3258 1340 3309 moute
1353 3252 1509 3324 lapidibus.
1522 3253 1681 3308 Primatum
1693 3250 1787 3323 ipsius

79 3348 273 3418 Insequentcs
295 3349 392 3400 autem
408 3359 459 3401 eos
474 3343 593 3414 milites,
625 3342 796 3399 oeciderunt
812 3338 905 3396 exeis
962 3340 1043 3410 regni
1061 3341 1176 3397 tenebat
1194 3340 1325 3412 quaedam
1351 3341 1455 3397 semina
1470 3341 1566 3412 ridua,
1583 3340 1699 3397 nominc
1716 3342 1787 3402 Cau.

79 3439 237 3492 sexcentos
252 3438 280 3490 et
294 3433 415 3502 triginta
425 3437 565 3503 quatuor;
580 3447 616 3488 cx
628 3431 700 3503 ipsis
711 3443 781 3487 vero
793 3426 906 3484 cecide·
962 3430 1053 3500 dacis,
1070 3430 1181 3486 babens
1193 3434 1254 3486 tres
1271 3430 1355 3487 lilios.
1370 3431 1420 3487 Cui
1432 3431 1539 3486 direxit
1552 3430 1716 3486 alexander
1727 3428 1786 3500 epi-

79 3528 150 3580 runt
166 3529 282 3580 centum
298 3522 401 3593 viginti
418 3526 541 3593 septem.
559 3521 725 3578 blanserunt
742 3522 839 3575 autem
855 3529 906 3588 per
962 3519 1067 3576 stolam
1078 3519 1163 3575 talem
1175 3520 1257 3576 :Item
1267 3520 1560 3592 Abacadmrwinc
1572 3519 1786 3589 eundumque·

81 3617 145 3668 tres
159 3612 232 3682 dies,
249 3611 436 3669 comedentes
450 3611 682 3682 pomaarborum
692 3609 832 3680 ipsarum.
962 3608 1053 3667 dium.
1064 3606 1788 3679 eiricotitttenplumetetotuumliommoets,et

116 3700 226 3756 lleiude
250 3709 394 3757 venerunt
422 3700 457 3756 ad
488 3699 604 3756 durium
621 3697 775 3769 quendam,
805 3696 833 3750 iu
849 3709 906 3765 qno
961 3696 1106 3755 coniuret
1120 3711 1221 3753 eomas
1235 3697 1330 3754 sinici
1347 3696 1508 3754 adicientes
1521 3696 1551 3751 et
1571 3695 1731 3768 offerentes
1745 3695 1782 3752 ei.

80 3794 145 3847 erat
161 3789 265 3846 civitas
281 3787 414 3860 locuples
427 3788 522 3844 valde.
535 3789 610 3843 liora
625 3801 695 3842 rere
709 3799 784 3840 nona
797 3783 907 3838 ineum-
962 3784 1014 3841 llla
1037 3800 1108 3842 vero
1133 3785 1285 3856 rescripsit
1300 3786 1348 3842 ei.-
1377 3784 1527 3843 Conducia
1548 3784 1655 3855 repieta
1674 3782 1787 3841 Marcia

81 3880 180 3948 beate,
198 3878 276 3934 veuit
294 3892 384 3948 super
394 3893 444 3934 cos
460 3876 575 3948 quidam
592 3889 713 3945 magnus
729 3875 815 3930 bomo
826 3885 907 3941 agre·
960 3874 1133 3931 Admonere
1144 3874 1211 3946 rapi
1234 3873 1391 3944 paediam.
1409 3873 1584 3930 Rcoetutum
1598 3871 1734 3944 iibisuii
1747 3870 1785 3929 od

78 3967 144 4039 stis,
160 3967 275 4039 pilosus
291 3971 321 4022 ut
338 3980 455 4036 porcus.
481 3964 644 4021 Alexander
661 3965 759 4033 itaque
776 3958 906 4033 precepit
960 3962 1127 4019 Homrnone
1136 3962 1366 4029 desinentiam
1377 3962 1406 4016 ct
1415 3973 1602 4032 ccpupaarca
1613 3960 1783 4031 AEppptcm,

79 4055 225 4114 militibus
240 4054 313 4126 suis,
327 4062 358 4111 ut
375 4053 629 4127 apprehenderem
638 4067 712 4109 eum·
726 4050 856 4117 Quicum
868 4049 907 4103 ie·
961 4051 1103 4125 quodlibi
1114 4049 1405 4120 concerxumotipstr
1417 4049 1486 4107 diis.
1500 4049 1674 4120 Noctisque
1685 4049 1786 4105 claros

80 4146 196 4202 cissent
209 4143 467 4216 impetumincurn,
485 4143 535 4199 ille
543 4156 636 4213 neque
651 4140 748 4197 timuit
757 4153 850 4208 neque
866 4138 907 4194 iu·
961 4135 1787 4207 aalucidostutemusanimoa,mopisquombiqeiopud

77 4234 134 4305 git,
150 4233 203 4290 sed
219 4233 302 4290 stetit
319 4233 467 4302 immotus,
482 4231 617 4302 Precepit
630 4235 726 4287 autem
742 4226 907 4284 Alexander
963 4230 1075 4287 terunt.
1091 4229 1131 4300 (F.
1144 4231 1219 4300 ali.)
1231 4226 1443 4297 Diripouuiem
1455 4225 1506 4283 deo
1516 4225 1564 4280 tuo
1571 4224 1731 4279 Hammoni
1742 4237 1787 4280 co·

79 4322 187 4380 adduci
203 4323 330 4395 puellam
344 4329 372 4378 et
390 4321 466 4377 mitti
482 4326 549 4376 anto
565 4320 646 4376 illum
662 4319 777 4375 nudam.
791 4315 843 4372 llle
858 4330 907 4372 au·
960 4331 1110 4375 recentes
1117 4315 1269 4389 lapid-ides
1277 4312 1786 4386 preciosis,videlicetecemoropdo

81 4418 140 4468 tem
157 4412 295 4484 impetum
312 4411 421 4468 taciens
437 4409 629 4482 apprehendit
647 4421 720 4479 eam,
737 4412 766 4463 et
782 4405 867 4462 stetit
878 4403 906 4460 iu
920 4405 948 4468 D
962 4406 1184 4478 etmorporitts,
1193 4403 1589 4462 ettnsertoscotcnoadeeenn
1598 4414 1636 4458 ec
1643 4402 1787 4472 preciosis

82 4505 178 4575 parte.
196 4500 447 4557 concurrentibus
465 4513 534 4555 vero
550 4498 703 4567 militibus,
721 4501 755 4554 ut.
768 4497 907 4566 raperent
964 4494 1125 4568 lapididus.
1139 4493 1206 4550 Tibi
1227 4493 1318 4550 etium
1329 4492 1428 4564 diripe
1447 4490 1618 4564 infantulos
1628 4490 1787 4561 AEttpoper

81 4603 156 4660 eam,
172 4588 216 4645 illi
232 4590 332 4659 ruguit
348 4589 425 4644 sicut
441 4588 510 4643 iera.
529 4589 599 4643 Cum
614 4586 737 4643 maxima
754 4584 844 4654 igitur
859 4597 907 4638 an·

80 4679 180 4752 gustis
191 4678 450 4751 apprehenderunt
464 4689 540 4746 eum,
557 4681 588 4731 et
599 4675 687 4746 jussit
703 4688 768 4730 enm
784 4672 907 4729 alexan-

83 4769 136 4826 der
150 4768 236 4839 ligari
251 4772 279 4825 et
295 4767 433 4837 inignem
448 4765 629 4838 precipitari.

119 4856 189 4914 lude
205 4863 367 4928 moventes,
392 4862 536 4912 uenerunt
551 4855 580 4912 in
595 4854 682 4911 alium
696 4865 839 4925 campum,
857 4847 906 4906 ubi

81 4948 119 5006 ab
132 4947 204 5004 bora
219 4946 276 5002 diei
301 4946 394 5019 prima
423 4946 561 5002 exiebant
574 4945 696 5003 arbores
725 4942 760 4999 de
782 4946 861 4997 terra
877 4941 906 4995 et

80 5038 254 5096 crescebant
269 5051 363 5108 usque
379 5037 407 5090 in
423 5037 524 5093 boram
548 5037 671 5105 sextam,
688 5033 724 5089 ab
739 5033 809 5090 bora
824 5033 906 5088 sexta

81 5127 226 5201 usquead
250 5142 385 5185 occasum
402 5126 473 5184 solis
496 5127 715 5184 descendebant
729 5124 758 5180 iu
773 5127 881 5180 terram
897 5141 904 5177 ι

82 5219 218 5275 terebant
233 5223 331 5275 autem
349 5217 463 5274 tructus
485 5216 568 5274 valde
582 5216 754 5273 odoriferos.
773 5211 908 5282 Precepit

81 5310 181 5363 autem
198 5306 364 5362 Alexander
374 5305 516 5363 militibus
526 5306 711 5377 quibusdam,
725 5307 756 5359 ut
768 5301 908 5359 tollerent

44 5449 53 5455 .
83 5395 119 5453 de
132 5396 279 5454 [ructibus
292 5394 366 5469 ipsis
377 5412 385 5461 ;
395 5395 448 5452 sed
459 5410 525 5451 mox
538 5400 569 5451 ut
585 5393 764 5452 accedebant
774 5389 906 5464 propius,

81 5486 221 5545 exiebant
249 5485 395 5545 demones
409 5488 440 5542 et
455 5484 643 5563 flagellabant
666 5498 717 5541 eos
730 5501 738 5553 ;
752 5480 908 5540 audieruut

962 4579 1788 4654 pentametiatcttipitttcsoceapepttcceadecentesppi·

961 4687 1037 4746 apos
1044 4673 1195 4742 docentus,
1202 4669 1545 4740 rircoceroicaoetopinto,
1552 4667 1717 4739 portitores
1725 4665 1788 4724 trio

960 4759 1160 4833 milimpetles
1178 4758 1392 4832 pardoleonum
1400 4756 1652 4827 quadringentos,
1664 4754 1788 4815 curtida·

960 4865 1014 4909 raa
1029 4861 1138 4908 ocreas
1150 4847 1289 4920 tripintu,
1301 4845 1395 4903 nectes
1404 4858 1442 4900 ec
1451 4842 1538 4900 ebeno
1547 4842 1788 4914 melequinum-

963 4937 1205 5011 trecentesim
1227 4933 1462 5006 quadringentos
1489 4931 1724 5005 quinquaqinta.
1744 4931 1789 4988 l'tt

961 5042 1029 5087 vero
1043 5023 1292 5094 remondonobia,
1307 5023 1334 5078 ai
1350 5022 1443 5079 tetram
1451 5021 1594 5077 mundam
1604 5018 1785 5090 subjugasti.

963 5121 1041 5177 luter
1052 5118 1165 5188 legatos
1180 5119 1277 5170 autem
1292 5110 1368 5168 suos'
1378 5111 1457 5167 misit
1478 5109 1619 5183 pictorem
1643 5108 1788 5181 peritissi-

964 5203 1274 5280 mum,quidiligenter
1288 5199 1492 5257 consideraret
1500 5203 1530 5254 et
1538 5195 1788 5270 depingeretilgu·

964 5301 1061 5354 ramet
1074 5295 1194 5352 lormam
1218 5288 1374 5348 Alexandri
1385 5293 1414 5346 et
1427 5287 1545 5345 afferret
1555 5300 1618 5343 eam
1627 5284 1694 5343 sibi.
1704 5284 1788 5351 Quod
1804 5310 1807 5321 ·

964 5390 992 5445 et
1005 5386 1180 5443 factumest.
1193 5384 1273 5440 Unus
1284 5383 1425 5437 autemex
1435 5376 1504 5434 liliis
1516 5375 1657 5434 caudacis
1665 5374 1786 5448 reginae,

963 5478 1011 5539 cui
1026 5490 1130 5536 nomen
1154 5470 1319 5545 candaulis,
1336 5484 1403 5529 eum
1418 5467 1521 5546 paucis
1549 5464 1700 5540 equitibus
1714 5463 1788 5524 abiit
