3788 6000
168 210 244 286 teat
744 205 985 280 buleutam
1008 208 1285 281 URAUGIENSIS
1699 221 1702 225 ’
1791 209 1869 284 4040

164 357 359 414 Romanorum
371 347 602 408 4444444144444
615 350 757 422 quendam
769 350 948 422 ltauricium,
959 367 995 408 ex
1005 352 1140 424 Hispania
1153 354 1416 425 supervenientem,
1429 354 1602 425 apostolice
1615 354 1692 410 sedit
1703 354 1847 426 imposuit
1858 374 1865 422 ;

163 445 265 514 sieque
278 442 395 512 scisma,
410 440 555 510 quodiam
572 440 746 511 sperabatur
759 446 934 510 emortuum,
951 441 1112 497 crudeliter
1129 442 1244 497 revixit.
1259 444 1327 498 Nam
1338 442 1439 499 codem
1455 445 1590 499 lluuraoae
1607 443 1760 500 kathedrae
1773 443 1865 500 libere

162 535 267 607 potito,
285 531 416 588 Gelasius
431 544 495 585 curn
512 529 557 584 bis
573 528 621 599 qui
638 543 734 584 seeum
751 528 882 584 abimum
895 529 1093 586 cardinalibus
1104 532 1270 601 ceterisque
1287 547 1359 601 4444
1369 546 1549 601 congregare
1560 536 1675 603 poterat
1693 531 1863 589 catholicis·

162 623 239 696 apud
256 623 391 693 Capuam,
405 619 487 689 juxta
504 617 580 688 quod
594 617 688 674 literae
702 616 738 672 ab
754 615 816 689 ipso
831 616 1059 689 circumquaque
1074 618 1253 674 transmisere
1264 622 1421 689 testantur,
1435 634 1572 676 cesarem
1585 635 1640 675 una
1653 635 1719 675 cum
1731 633 1809 691 papa
1821 619 1865 653 4444

161 727 215 768 444
230 708 406 780 dampnavit.
422 705 489 775 Ed·
589 706 595 721 ’
868 777 890 831 Α
919 777 940 830 D
966 774 1133 832 uupqqqpx

196 891 319 944 boronus
330 882 509 955 apostoliens
524 880 657 938 Gelasius
672 882 696 936 ΙΙ
711 881 787 953 4444
803 882 940 938 Viennam
956 884 1097 955 synodum
1113 882 1312 953 congregavit,
1328 895 1421 952 eaque
1437 886 1585 938 transacta
1596 881 1653 952 4444,
1667 887 1732 952 4444
1758 897 1863 953 paucos

158 976 221 1033 dies
233 975 260 1030 iu
274 971 451 1029 monasterio
461 969 643 1026 cluniacensi
652 967 698 1002 4444
713 969 801 1027 vitam
810 976 976 1042 presentem
988 971 1017 1028 in
1028 973 1149 1030 Domino
1160 971 1263 1027 linivit.
1276 971 1348 1039 Quo,
1360 976 1392 1026 ut
1403 968 1513 1038 decuit,
1527 969 1689 1028 honoritica
1699 970 1812 1026 ibidem
1823 988 1862 1026 sr-

102 1111 105 1117 .
158 1064 276 1137 pultuna
292 1059 437 1132 deposito,
456 1057 583 1128 qualiter
598 1057 721 1115 domnus
736 1057 812 1130 uilo,
839 1058 1010 1117 Viennensis
1030 1060 1270 1132 archiepiscopus
1279 1059 1326 1093 4444
1342 1058 1369 1113 44
1387 1056 1480 1114 locum
1510 1059 1574 1128 ejus
1590 1060 1784 1130 successerit,
1803 1061 1860 1131 ipse

157 1156 257 1224 postea
270 1148 315 1182 4444
331 1147 489 1204 adelberto
504 1147 668 1218 4444444444
694 1146 917 1219 archiepiscopo
932 1147 1042 1204 litteris
1072 1149 1125 1205 boe
1142 1148 1227 1204 4444
1256 1147 1421 1218 designavit
1441 1146 1692 1219 [archiepiscopus
1708 1148 1738 1202 irr
1771 1148 1858 1205 locum

155 1243 219 1311 ejus
233 1236 420 1305 successerit,
439 1235 502 1306 ipse
518 1239 618 1306 postea
632 1234 797 1304 Mogontiuo
814 1235 931 1307 praesuli
946 1235 991 1293 bis
1004 1229 1103 1293 uerbis
1120 1236 1245 1292 innotuit
1261 1236 1325 1307 44].

190 1325 440 1386 Domiunsuostrr
449 1323 554 1394 seticis
563 1325 711 1382 44444444
720 1324 937 1386 0444444444444
955 1325 1066 1382 Vienna
1076 1322 1493 1396 discedereninjueeitmirbi,
1509 1322 1590 1379 4444
1599 1323 1665 1392 ejus
1676 1325 1856 1393 4444444444

145 1416 340 1491 festinarem,
351 1411 590 1484 postquampri
605 1411 783 1469 0444444444
793 1412 839 1447 4444
846 1415 1037 1485 pervenisset.
1050 1413 1133 1480 0444
1146 1428 1212 1471 cumr
1219 1411 1409 1484 4444444444
1424 1409 1727 1481 44444444444444444
1744 1412 1857 1481 antapr-

152 1505 261 1574 rem,in
273 1499 424 1558 itineredr
432 1497 918 1569 444444444444444444444444444
931 1502 983 1558 est.
992 1503 1055 1574 4444
1067 1501 1255 1573 4444444444
1265 1503 1319 1572 qui
1334 1514 1400 1557 rum
1411 1499 1527 1556 domino
1537 1498 1582 1531 4444
1594 1499 1691 1554 eorem
1703 1502 1853 1557 uenerant.

146 1592 241 1666 prout
253 1591 332 1648 ratio
346 1587 493 1659 44444444,
505 1588 648 1645 44444444
661 1587 889 1659 cattinarum,
902 1589 1203 1648 utuntoeum¹²¹⁹cum
1211 1591 1302 1659 prae-r·
1313 1588 1551 1658 doloreperreei.
1566 1589 1643 1643 044
1658 1588 1763 1645 cartem
1773 1603 1854 1660 super

152 1695 252 1739 rorum
261 1677 459 1737 consolatione
469 1676 791 1749 44444444444444444,
800 1676 1635 1749 44444444444444444444444444444444444444444444
1643 1675 1853 1733 transcendens

150 1767 362 1840 imposuerunt.
377 1764 739 1837 04444444444444444444
746 1768 781 1823 itt
787 1780 880 1823 44444
891 1767 939 1823 444
947 1766 1043 1825 altero
1050 1764 1384 1838 posted-rintummeuor
1390 1762 1698 1834 episeopienrdinater
1705 1765 1736 1820 et
1743 1766 1826 1821 centn
1836 1781 1851 1819 ,4

149 1858 253 1914 elerici
268 1854 377 1912 etto-tei
387 1855 596 1923 tromunorrma,
612 1853 1375 1926 444444444444444444444444444444444444444444
1389 1852 1525 1908 ecclesie
1532 1853 1712 1922 pertineam
1718 1851 1767 1885 4444
1778 1852 1852 1910 Ouli-

149 1952 228 2003 stnm
242 1943 427 2001 unammiter
439 1942 671 2011 erenrnpserrtrrt.

185 2034 235 2089 llis
250 2032 337 2090 etiam
348 2030 393 2063 4444
408 2029 589 2100 temporibus
608 2031 681 2100 (343)
699 2031 797 2086 tluono
808 2030 855 2063 4444
867 2030 1068 2099 444444444444,
1082 2031 1175 2089 adhuc
1188 2031 1334 2102 legatione
1346 2029 1453 2085 Gelasii
1466 2031 1596 2099 iunctus,
1612 2031 1759 2100 synodum
1776 2031 1848 2089 Colo·

149 2118 203 2174 niae
216 2133 281 2174 eum
292 2115 458 2171 Teutooieis
469 2113 580 2183 babuit,
595 2114 643 2169 ubi
654 2114 700 2147 4444
712 2114 899 2186 imperatoris
910 2115 1083 2171 omnimodis
1094 2117 1424 2174 excommunicationem
1441 2119 1614 2190 propalavit.
1629 2122 1655 2175 ’4
1666 2118 1795 2175 Alteram
1808 2118 1848 2152 ‘⁸²'

148 2218 264 2275 quoque
276 2203 417 2275 sytrodum
429 2201 457 2257 iu
470 2199 609 2257 Friteslar
619 2198 666 2233 4444
676 2202 777 2257 eadem
803 2217 855 2273 444
869 2218 957 2259 cansa
975 2202 1095 2271 indixit;
1110 2218 1165 2274 qua
1181 2208 1209 2259 et
1225 2205 1334 2274 habita,
1350 2206 1472 2262 eandem
1490 2218 1575 2277 quam
1591 2206 1672 2276 prius
1687 2222 1847 2264 excommu-

148 2292 321 2348 nicationem
337 2288 530 2347 confirmavit.
548 2290 719 2361 imperator,
733 2290 777 2346 bis
794 2290 912 2361 auditis,
925 2290 1046 2363 insuper
1060 2291 1148 2348 etiam
1161 2291 1237 2362 quod
1250 2293 1413 2365 principum
1425 2306 1586 2351 consensus
1597 2295 1738 2364 generale
1751 2295 1794 2351 vel
1804 2311 1845 2351 eu-

87 2376 95 2392 ‘
147 2379 405 2450 rialeeolloquiunr
421 2393 477 2433 444
491 2376 583 2435 44444
596 2383 662 2449 4444
678 2378 754 2450 4444
770 2378 937 2449 Wireiburg
948 2377 994 2412 4444
1005 2379 1159 2437 instituere
1171 2381 1385 2453 proposuisset,
1400 2383 1448 2439 ubi
1465 2384 1528 2454 ipse
1544 2388 1594 2440 aut
1607 2398 1736 2454 presens
1752 2383 1786 2440 ad
1803 2397 1845 2438 au·

145 2469 283 2525 dientiam
295 2466 535 2525 ¹⁴³⁰exbiberiaut
552 2467 757 2536 absensrepno
776 2466 882 2539 deponi
895 2466 1040 2538 debuerit,
1063 2467 1203 2525 efferatus
1224 2469 1339 2542 animo,
1362 2470 1453 2527 ltaliae
1475 2471 1537 2527 suis
1556 2470 1651 2543 copiis
1672 2487 1741 2529 eum
1753 2472 1844 2542 regina

144 2556 266 2625 relictis,
274 2554 489 2610 Germanicisse
502 2554 765 2624 regionibusniruis
782 2555 1100 2625 insperatusoxbibuit.
1115 2557 1243 2628 Cumque
1255 2558 1290 2613 ab
1301 2558 1463 2615 emulorum
1474 2574 1594 2616 suorum
1606 2558 1725 2629 injuriis
1737 2572 1843 2615 manum

144 2644 292 2700 abstinere
300 2641 345 2676 4444
358 2643 492 2699 nimietas
507 2643 587 2701 illum
598 2642 755 2700 iracundiae
768 2643 934 2701 nullatenus
959 2646 1152 2716 permitteret,
1171 2662 1236 2702 mox
1252 2647 1433 2705 invasionum
1444 2646 1489 2679 4444
1502 2647 1746 2719 depredationum
1762 2652 1843 2717 atque

144 2731 345 2787 incendiorum
356 2731 445 2799 iuror,
459 2729 575 2801 quijam
592 2730 682 2803 sopiri
700 2745 785 2801 posse
801 2733 987 2803 sperabatur,
1002 2732 1058 2790 hoc
1072 2734 1216 2806 exemplo,
1234 2735 1356 2791 rectoris
1369 2735 1484 2792 seilicet
1501 2735 1687 2805 universalis,
1703 2736 1843 2794 excitaba-

144 2816 252 2875 4444444.
262 2818 322 2884 Qua
339 2818 473 2874 nimirum
484 2821 660 2891 tempestate
673 2819 870 2876 universe²⁴³‘
879 2820 1117 2891 provinciaeadeo
1128 2822 1340 2879 devastationis
1351 2824 1497 2882 continuae
1513 2824 1738 2896 importunitate
1748 2823 1794 2858 4444
1807 2825 1844 2880 in·

142 2904 374 2979 44444444444444,
389 2906 430 2963 nti
440 2905 486 2940 4444
497 2921 532 2963 oe
546 2907 609 2978 ipsa
636 2921 687 2979 pro
711 2908 917 2965 observatione
945 2909 1050 2966 divinae
1064 2909 1111 2943 4444
1126 2911 1206 2982 pacis
1223 2912 1356 2983 professa
1370 2918 1551 2969 sacramenta
1568 2912 1777 2969 custodiantur
1790 2910 1841 2966 4444.

141 2997 325 3070 Quapropter
334 2987 489 3053 4444444444
502 2996 647 3052 4444444444
659 2996 739 3065 regni
752 2997 938 3053 sacerdotum
948 3002 1037 3068 atque
1044 3014 1198 3071 procerum
1209 3001 1323 3057 nunciis
1332 3001 1688 3072 compulsusgeneralcm
1697 3001 1758 3058 lieri
1770 3000 1840 3074 apud

139 3086 302 3142 Triburium
319 3089 492 3141 conventum
502 3084 630 3140 assensit
639 3084 684 3116 4444
698 3083 745 3141 ubi
760 3083 796 3139 de
807 3085 942 3141 erunibus
954 3101 1018 3156 quae
1030 3086 1148 3143 sibimet
1160 3088 1380 3159 imponerentur
1390 3088 1435 3122 4444
1444 3090 1528 3160 iuxta
1544 3089 1840 3147 senatusconsultum

140 3190 170 3232 se
182 3174 400 3230 satisfacturum
409 3171 466 3242 4444,
474 3172 640 3244 spopondit.
655 3172 717 3237 Quo
740 3171 855 3228 scilieet
872 3177 1017 3230 conventu
1030 3174 1117 3245 [eirea
1128 3174 1250 3232 ’‘“Nou
1265 3177 1338 3248 (344)
1361 3178 1489 3249 iniciunt]
1504 3178 1624 3235 Reninis
1645 3176 1695 3211 4444
1711 3179 1738 3234 44
1757 3178 1840 3250 parti·

140 3264 194 3321 bus
210 3261 321 3331 habito,
335 3263 393 3315 tam
405 3259 641 3315 adversariorum
654 3275 737 3330 quam
751 3261 908 3317 amicorum
920 3262 1079 3334 imperator·
1090 3264 1276 3320 concorditer
1288 3281 1358 3322 usus
1370 3264 1504 3335 consilio,
1518 3265 1676 3338 unicuique
1684 3280 1739 3339 per
1749 3270 1838 3322 totum

139 3365 258 3422 regnum
271 3349 333 3405 suis
343 3348 432 3404 rebus
441 3345 567 3419 spoliato
580 3348 698 3418 propria
713 3348 834 3419 concepi
848 3350 995 3420 precepit;
1004 3355 1169 3421 cunctaque
1186 3367 1286 3422 regum
1303 3353 1489 3424 antiquorum
1502 3353 1612 3410 tisealia
1625 3354 1745 3411 suumin
1758 3353 1838 3411 ditio·

137 3454 203 3497 nem
216 3438 331 3494 interim
343 3436 452 3508 recepit
463 3453 470 3503 ;
483 3449 597 3507 paxque
610 3450 661 3506 per
673 3436 823 3493 universas
838 3436 1004 3507 provincias
1018 3438 1054 3494 ab
1070 3439 1206 3495 omnibus
1219 3441 1318 3497 baberi
1334 3441 1547 3508 conlaudatur;
1563 3440 1614 3498 sed
1627 3456 1731 3514 parurn
1748 3441 1837 3514 prote·

137 3528 213 3586 cisse
227 3542 258 3583 re
268 3525 314 3559 4444
327 3527 388 3598 ipsa
403 3525 621 3596 comprobatur.
640 3525 769 3580 Aderant
780 3525 868 3581 etiarn
880 3524 968 3595 legati
980 3525 1026 3560 4444
1041 3531 1098 3582 444
1110 3528 1302 3585 Rornanorum
1319 3529 1630 3600 quaaniennensinm‚
1649 3529 1737 3585 immo
1749 3528 1837 3586 diver·

138 3631 234 3673 sarum
249 3613 446 3672 aecclesiarum
458 3612 549 3681 missi,
562 3612 769 3668 confirmantes
784 3612 957 3668 electionem
973 3612 1068 3670 domni
1084 3614 1185 3671 Calisti
1197 3614 1252 3671 4444.
1266 3617 1317 3673 Cui
1331 3618 1463 3688 proiecto
1475 3616 1542 3674 dum
1552 3616 1683 3673 universi
1694 3619 1836 3673 nostrates

137 3703 269 3776 episcopi
282 3701 477 3760 obedientiam
486 3700 619 3772 molossi,
632 3700 784 3771 synodum,
797 3715 861 3772 quae
882 3701 936 3757 sibi
946 3700 1081 3771 4444444444
1095 3704 1200 3759 testum
1211 3705 1304 3760 soracti
1322 3707 1405 3763 Luca
1419 3704 1604 3762 indicebatur
1616 3705 1691 3775 (Oet.
1706 3707 1762 3777 48),
1775 3718 1835 3761 eon·

136 3792 305 3849 laudassent
318 3789 391 3862 beri,
401 3789 463 3861 4444
470 3802 522 3845 rex
533 3788 723 3859 semetipsum
733 3788 840 3844 ibidem
852 3787 1048 3861 pollicebatur
1060 3790 1375 3849 obreconeiliationem
1388 3791 1713 3851 universatisaeectesia
1725 3806 1834 3865 presen-

134 3880 254 3938 tandum
265 3879 310 3935 iri.
323 3879 353 3934 ld
365 3878 441 3934 enim
453 3876 675 3935 catalaunensis
691 3877 847 3949 episeopus
857 3883 887 3934 et
897 3877 944 3912 ²⁶⁸⁰
953 3878 1203 3955 Cluniaeeusis'⁸²²
1215 3881 1315 3951 abbas,
1332 3880 1408 3953 apud
1420 3881 1609 3951 argentinam
1622 3879 1722 3953 ipsum
1738 3893 1835 3939 conve

134 3970 259 4040 nientes,
276 3967 376 4026 multis
390 3965 649 4024 ratiocinationum
664 3965 710 3998 4444
726 3966 881 4022 conatibus
897 3966 1098 4024 obtinuerunt.

187 4060 212 4113 ‘t
232 4061 273 4114 40.
290 4057 470 4128 inormiter
485 4055 517 4114 et
529 4059 558 4111 44
576 4053 695 4114 addunt
705 4073 710 4108 :
721 4055 793 4111 liuie
807 4054 934 4112 consilio
945 4055 1078 4113 interluit
1091 4057 1255 4114 Norbertus
1266 4061 1370 4130 postea
1379 4055 1793 4115 Pramomtrateosisordinis
1802 4057 1838 4115 in·

830 4180 948 4236 VARIAE
968 4180 1168 4238 trucutentus,

167 4299 214 4335 4444
226 4303 261 4358 ira
274 4301 308 4356 A.
322 4300 356 4356 S.
387 4299 487 4378 44444
513 4296 599 4370 ydolo
617 4296 737 4368 4444444.
789 4294 879 4351 '⁴⁰⁷d.
909 4296 1126 4353 4444444044.
1183 4297 1230 4332 4444
1245 4312 1337 4369 eoque
1351 4301 1501 4354 transacto
1517 4299 1569 4354 Et.
1588 4302 1613 4353 4.
1672 4297 1837 4356 ’molonia-

131 4371 211 4432 eensi
225 4371 252 4426 4.
295 4368 641 4441 44444444444444444434.
688 4365 734 4400 ¹⁴¹²
750 4366 832 4424 deest
843 4370 869 4422 7.
911 4367 1096 4425 4444444444.
1140 4367 1186 4401 4444
1200 4367 1362 4425 cluniacum
1378 4371 1402 4423 4.
1444 4367 1490 4401 4444
1508 4370 1622 4440 perfla.
1680 4368 1835 4440 4444444444

132 4447 162 4500 4.
207 4440 444 4499 4444444444344.
489 4438 534 4471 4444
549 4453 574 4494 e.
593 4437 621 4494 d.
637 4438 674 4495 Et
706 4442 732 4493 4.
776 4436 822 4471 4444
837 4437 976 4495 cxlribere
991 4440 1022 4494 D.
1055 4445 1082 4494 4.
1116 4443 1141 4495 0.
1159 4445 1184 4496 0.
1241 4439 1287 4473 4444
1301 4439 1463 4496 aloniacum
1494 4441 1523 4494 4.
1565 4438 1612 4472 4444
1628 4454 1713 4510 mg.
1744 4442 1833 4496 444.

72 4540 104 4569 -.
131 4513 177 4548 4444
193 4512 274 4570 deest
288 4515 314 4569 4.
369 4510 415 4543 4444
430 4509 512 4583 deest
532 4513 580 4566 40.
601 4514 647 4564 tr.
706 4507 892 4567 4444444444.
936 4509 1157 4566 444444444444.
1214 4509 1260 4543 4444
1275 4510 1390 4567 cinnano
1405 4511 1457 4564 04.
1477 4514 1515 4566 44.
1544 4508 1640 4566 ebono
1655 4514 1680 4564 7.
1700 4525 1776 4567 eouo
1792 4511 1833 4566 Et.

130 4584 312 4641 4444444444.
368 4580 415 4614 4444
430 4580 685 4637 4444444444
701 4584 726 4636 0.
783 4578 830 4613 4444
845 4579 968 4638 fritislar
994 4580 1092 4636 bru.
1106 4585 1133 4636 7.
1188 4580 1235 4614 4444
1250 4581 1411 4648 wirziburg
1426 4581 1540 4637 0494.
1562 4585 1607 4636 40.
1629 4581 1831 4651 rrtreiourgr.

131 4656 340 4724 wirzeburge.
381 4651 429 4685 4444
443 4650 640 4708 obedientiam
655 4654 681 4705 7.
720 4648 949 4708 ¹⁸³¹abstrahere
986 4650 1658 4723 ’‘”suasionurnooccorrperuasr'onumr.
1700 4651 1837 4708 44444444-

130 4724 367 4784 retundunt.
391 4724 425 4781 S.
482 4719 644 4778 4444444444
669 4724 694 4777 4.
750 4720 797 4754 4444
813 4722 894 4781 deest
907 4724 956 4778 04.
998 4720 1045 4755 4444
1060 4722 1278 4792 inequictantur
1304 4724 1352 4777 04.
1385 4721 1588 4792 inequitoutur
1602 4727 1629 4778 tt.
1647 4725 1689 4777 04.
1707 4737 1785 4782 cerr.
1801 4723 1838 4778 in·

69 4842 77 4856 .
131 4799 313 4904 quietautur.
330 4800 356 4852 7.
396 4792 442 4827 4444
457 4797 488 4850 ut
504 4797 529 4848 o.
547 4796 572 4848 7.
591 4797 632 4848 9⁰.
652 4797 683 4849 ut
697 4807 741 4848 me
756 4792 784 4848 in
801 4792 862 4865 ipsa
876 4794 907 4849 E.
922 4795 948 4849 4.
987 4791 1034 4826 4444
1049 4793 1145 4849 divina
1161 4795 1238 4849 444.
1279 4791 1608 4850 444444444444444440.
1647 4792 1835 4852 4444444447.
1884 4812 1886 4821 ·

129 4869 175 4904 444
191 4865 341 4925 consensit
357 4866 405 4922 444.
421 4867 498 4922 art.
517 4865 555 4921 S.
596 4861 642 4896 4444
660 4868 892 4936 proponerentur
907 4865 932 4920 t.
971 4862 1018 4897 4444
1033 4865 1177 4921 iacturum
1193 4863 1267 4921 satis
1281 4868 1307 4920 4.
1324 4867 1367 4919 90.
1388 4877 1486 4936 sposp.
1506 4879 1538 4920 se
1554 4863 1647 4922 satist.
1666 4866 1697 4919 4.
1749 4863 1837 4920 444444

129 4941 160 4997 Ε.
217 4935 471 4994 44444444444447.
488 4939 526 4992 44.
564 4933 611 4967 4444
627 4949 675 4993 res
690 4937 719 4991 t.
760 4933 806 4968 4444
820 4934 902 4994 derat
913 4940 938 4991 7.
977 4932 1024 4969 4444
1037 4935 1139 4994 calixti
1162 4939 1188 4992 7.
1226 4934 1273 4968 4444
1286 4934 1363 4992 44444
1378 4935 1412 4991 Ε.
1472 4934 1612 4991 44444404
1667 4934 1838 4994 4444444444

128 5009 226 5069 censis
239 5012 264 5066 4.
303 5007 350 5043 4444
364 5008 508 5065 rationum
521 5011 549 5080 7,

921 5076 1037 5135 norm.

165 5205 238 5276 (343)
255 5205 320 5260 llaec
336 5201 370 5259 ad
388 5216 412 5258 a.
428 5206 495 5260 4448
531 5203 667 5274 ertioere,
685 5201 796 5260 monuit
817 5201 942 5258 Steozel.
1054 5201 1127 5274 (344)
1150 5204 1229 5258 ttunc
1259 5200 1364 5259 laisum
1392 5213 1459 5258 esse
1487 5201 1561 5258 diem
1577 5204 1662 5273 patet
1694 5202 1835 5278 eumiptt

128 5277 163 5347 ll,
174 5291 201 5347 p.
214 5277 275 5343 344,
293 5277 353 5329 330.
371 5219 559 5331 erkebardus
575 5275 646 5345 baec,
665 5273 818 5344 atquibus
845 5274 941 5330 causis
1015 5273 1202 5330 Elkebardus
1214 5272 1302 5340 dicat,
1320 5273 1347 5329 44
1359 5273 1419 5329 boe
1430 5276 1576 5329 conventu
1588 5246 1758 5337 concilium
1768 5277 1798 5335 (l.
1808 5274 1835 5334 44

128 5344 330 5418 imperatorad
339 5344 563 5402 redeundumsit
572 5350 722 5417 permotus
731 5344 876 5413 ostendat,
885 5344 938 5402 hoe
1011 5344 1132 5401 Octobr.
1144 5343 1308 5402 habendum
1317 5342 1651 5416 collaudatumesse;ei.
1664 5342 1832 5415 sreuretll

128 5418 245 5478 demum
260 5415 455 5497 4444444444..
469 5416 509 5473 04.
528 5414 563 5474 de
578 5416 624 5473 bis
636 5415 770 5475 conciliis
799 5415 942 5491 epistolas
1016 5430 1048 5493 p.
1066 5419 1127 5476 334.

127 5487 279 5558 adelberti
299 5486 456 5561 unguntur
484 5486 552 5550 eod.
577 5487 676 5551 Udalr.
706 5502 724 5550 n
756 5490 855 5551 444-
870 5489 935 5549 444.
