3788 5992
99 247 161 316 rte
536 245 757 314 CHRONIGA.
776 282 813 296 -
828 246 1068 316 CHRONIGON
1090 248 1365 318 UNIVGRSAOE.
1744 247 1805 318 'lto

97 385 224 447 nudatos
236 383 394 445 deseruere
404 383 528 459 pedites,
540 398 614 457 ques
625 383 711 442 Gothi
724 398 790 443 mox
800 381 925 443 circum·
937 386 966 448 Α
980 386 1210 461 stantinopelim,
1237 388 1286 447 ubi
1310 392 1381 448 tunc
1396 385 1556 462 bominicn,
1572 402 1646 448 uxor
1660 384 1800 463 Valentis,

100 474 477 546 dederunt,ecsagittarum
492 474 617 532 nubibus
631 474 723 531 bucet
734 473 803 532 illuc
815 474 926 545 lugien-
981 477 1117 544 sedebat;
1135 491 1199 549 quae
1214 492 1249 536 ex
1264 479 1369 536 aerario
1388 479 1506 552 publico
1526 479 1634 552 premia
1651 480 1724 538 bene
1739 494 1802 538 cer·

100 562 925 636 tesobruerunt.ipsequoqoeimperatorvalenrsagitta
981 567 1112 626 lantibus
1145 569 1285 641 prebens,
1319 572 1421 629 urbem
1459 571 1585 628 uiriliter
1614 567 1799 627 defendebat.

98 653 291 712 sauclatuset
304 653 331 708 in
344 653 440 723 surgam
458 666 569 721 versus,
584 667 650 709 curn
662 653 699 708 ob
712 652 829 709 nimium
846 651 926 708 delo·
981 655 1087 729 (hren.)
1103 658 1162 714 Sub
1173 658 1218 716 his
1232 660 1415 732 temporibus
1431 658 1607 732 Apollinaris
1622 657 1801 716 leodicenus

98 755 160 800 rem
177 742 213 799 de
228 754 304 812 equo
318 739 477 810 laberetur,
492 741 518 797 in
532 740 700 798 vilissimam
712 755 809 798 casam
821 740 926 812 depor·
980 746 1138 818 episcopus
1157 746 1248 805 multa
1269 757 1378 806 nostre
1398 748 1547 820 religionis
1562 750 1670 819 scripta
1686 761 1802 819 compo·

98 835 191 902 tatur,
217 830 278 901 nbi,
300 829 401 886 Gothis
423 829 699 902 supervenientibus
722 830 875 901 ipsumque
890 826 925 863 '⁸'
980 834 1053 901 suit;
1070 835 1118 905 qui
1133 842 1234 909 postea
1246 835 1366 895 devians
1377 851 1392 893 a
1405 835 1471 906 lide,
1483 835 1608 894 heresim
1619 834 1664 892 sui
1677 832 1801 890 nominis

99 920 140 978 ibi
156 918 367 990 nescientibus,
384 919 448 990 igne
466 919 604 991 imposito
619 922 833 989 concrematur,
850 933 925 975 anno
981 923 1117 981 instituit.
1136 924 1207 991 Quia
1218 923 1253 958 ⁷⁸⁷
1265 941 1333 982 arro
1345 924 1504 982 Gothorum
1516 923 1625 980 mentio
1637 937 1693 979 non
1706 920 1800 978 solnm

97 1011 167 1069 ritae
182 1008 217 1045 π’
232 1014 290 1081 500,
309 1010 390 1080 regui
415 1016 511 1067 autem
527 1014 584 1081 15⁰,
602 1024 725 1082 quornm
742 1014 771 1065 ll
790 1008 922 1079 regnavit
979 1010 1007 1067 in
1018 1011 1072 1068 hoc
1084 1012 1148 1070 loco
1159 1014 1211 1070 sed
1222 1018 1251 1070 et
1264 1014 1290 1069 in
1302 1013 1532 1086 precedentibus
1543 1026 1613 1084 sepe
1628 1014 1674 1068 est
1689 1010 1798 1079 habita,

97 1114 163 1157 cum
177 1100 279 1170 tratre,
292 1101 308 1155 l
317 1103 383 1171 pest
396 1098 486 1156 illum.
500 1100 583 1155 Jnsto
596 1098 694 1169 itaque
706 1096 755 1154 bei
764 1096 875 1167 judicio
886 1098 923 1154 ab
977 1104 1006 1157 et
1016 1100 1245 1172 insequentibus
1254 1102 1354 1174 sepius
1362 1100 1608 1173 babenda⁷⁶⁸,uon
1619 1098 1798 1171 superlluum

96 1188 227 1258 illisigni
238 1191 452 1257 crematusest,
463 1202 537 1259 ques
548 1187 610 1259 ipsc
623 1187 752 1260 perlldiae
764 1185 923 1244 succende·
977 1188 1104 1260 videtur,
1118 1189 1142 1247 si
1154 1189 1189 1247 de
1201 1190 1313 1262 origiue
1324 1204 1426 1248 eornm
1438 1191 1527 1248 altius
1538 1190 1573 1247 ab
1585 1187 1669 1245 initio
1685 1191 1799 1261 repeta-

97 1281 143 1334 rat
170 1277 245 1348 igne.
272 1278 363 1333 Antea
388 1276 495 1349 quiippe
519 1276 689 1348 petentibus
716 1275 817 1332 Gothis
832 1278 864 1332 nt
880 1275 923 1334 cis
976 1279 1035 1346 tur,
1048 1280 1078 1332 et
1090 1278 1138 1348 qui
1150 1281 1199 1333 aut
1211 1277 1409 1348 undeesscnt,
1425 1292 1510 1348 quam
1522 1275 1693 1333 brevissime
1708 1273 1799 1330 reris·

96 1367 231 1423 mitteret
248 1366 450 1438 predicatores
464 1368 494 1422 et
509 1369 656 1434 doctores,
673 1364 722 1435 qni
737 1378 789 1421 eos
801 1362 923 1421 catholi·
976 1364 1107 1437 sitneque
1123 1370 1230 1438 potest,
1243 1366 1289 1442 bic
1300 1366 1411 1438 aliquid
1424 1367 1578 1435 inseratur,
1591 1363 1657 1436 qula
1669 1367 1698 1420 et
1710 1360 1795 1432 Huni,

96 1471 160 1514 cam
173 1455 256 1512 lldem
267 1455 459 1525 instruerent,
472 1453 854 1523 misithrrianosdoetores,
866 1454 922 1511 sic·
977 1454 1025 1523 qui
1041 1468 1093 1511 eos
1108 1452 1144 1511 de
1160 1455 1282 1512 sedibus
1302 1455 1362 1513 suis
1381 1454 1530 1527 expulisse
1545 1453 1723 1522 rotarentur,
1740 1449 1798 1507 ori·

96 1559 154 1617 que
167 1545 260 1602 omnis
271 1543 536 1614 iltagensnrriane
547 1545 621 1601 iacta
632 1547 686 1601 est.
702 1544 920 1601 llortnoautcm
974 1542 1070 1613 ginem
1094 1558 1131 1600 ex
1155 1544 1201 1601 bis
1224 1544 1351 1602 traxisse
1376 1543 1522 1614 dicuntur,
1553 1541 1654 1615 Gepidi
1682 1554 1796 1612 quicque

96 1633 229 1704 Valente,
250 1632 335 1690 Gothi
349 1633 407 1703 jam
423 1632 519 1689 securi
538 1637 664 1705 pergunt
679 1632 714 1689 ad
732 1631 832 1689 urbem
849 1631 920 1688 Gon·
976 1634 1135 1688 Amazones
1150 1646 1186 1689 ex
1201 1632 1245 1690 eis
1261 1632 1440 1706 processisse
1451 1632 1598 1702 leguntur.

688 1781 897 1845 HYSTORIA
919 1779 1149 1844 GOTHOHUM
1170 1783 1206 1822 ⁷⁸⁹

134 1921 240 1990 (toan.)
256 1916 394 1975 Claudius
408 1917 604 1988 Ptholomeus,
617 1918 698 1976 orbis
711 1922 798 1975 terre
809 1917 920 1975 deseri·
933 1916 961 1977 B
976 1916 1036 1974 llal.
1053 1918 1188 1989 Augusti,
1206 1917 1283 1989 quod
1298 1919 1325 1975 in
1342 1918 1446 1976 diebus
1460 1917 1538 1975 circo
1553 1914 1684 1973 estivale
1698 1911 1796 1972 solsti-
1827 1982 1831 1987 .

96 2011 147 2081 pto
158 2007 303 2079 egregins,
317 2007 407 2063 refert
417 2007 444 2061 in
456 2007 584 2064 secundo
594 2008 637 2064 sui
648 2006 843 2079 operislibro,
856 2019 920 2064 esse
974 2006 1050 2065 cium
1067 2009 1095 2063 in
1108 2007 1276 2081 vespertina
1293 2008 1362 2065 hora
1379 2006 1539 2065 abscondat
1551 2019 1583 2062 se
1593 2002 1647 2074 sol,
1658 2001 1797 2061 occidens

93 2097 123 2153 in
146 2097 246 2154 oceani
267 2095 358 2153 arctoi
378 2094 441 2151 salo
461 2095 584 2152 insulam
608 2095 752 2167 quandam
776 2109 919 2166 magnam,
975 2095 1059 2166 quasi
1085 2101 1150 2169 post
1174 2096 1326 2169 paruulum
1353 2096 1505 2165 tumulum,
1531 2095 1618 2151 itaut
1634 2093 1663 2149 in
1679 2091 1796 2148 minimo

93 2184 211 2242 nomine
232 2185 390 2255 scanziam,
414 2184 442 2239 in
465 2185 579 2241 modum
602 2184 662 2241 lolii
683 2185 757 2241 cetri
779 2183 920 2241 lateribus
975 2183 1026 2240 illo
1050 2185 1146 2257 spatio
1170 2185 1258 2242 nichil
1283 2185 1332 2242 liat
1355 2185 1554 2253 tenebrarum,
1580 2182 1631 2239 sed
1656 2176 1794 2252 quicquid

94 2259 200 2346 pandis
219 2288 270 2345 per
290 2271 409 2342 longam
431 2272 559 2342 duretam,
587 2288 672 2344 quam
693 2278 721 2329 et
742 2273 920 2346 Pomponius
975 2274 1061 2331 bomo
1076 2274 1192 2346 operari
1207 2273 1345 2343 voluerit,
1362 2277 1499 2345 tanquam
1515 2273 1544 2328 in
1559 2270 1707 2343 presentia
1723 2266 1795 2325 solis

93 2361 165 2420 blela
177 2363 204 2419 in
217 2362 379 2418 marissinu
396 2362 512 2418 Godano
527 2362 651 2433 positam
669 2364 770 2434 refert,
787 2362 870 2432 cujus
883 2363 920 2419 ri·
976 2363 1085 2436 possit;
1106 2369 1136 2420 et
1152 2362 1175 2420 si
1192 2362 1220 2419 in
1237 2361 1392 2418 altitudine
1408 2361 1547 2418 montium
1562 2359 1692 2430 ejusdem
1707 2364 1795 2414 terras

96 2466 149 2525 pas
161 2451 254 2508 inlluit
266 2464 403 2509 oceanus.
420 2451 486 2508 haee
498 2465 512 2507 a
526 2450 622 2508 ironic
634 2452 729 2523 posita
740 2457 786 2509 est
798 2450 919 2509 vistulae
976 2452 1109 2522 luissent,
1131 2450 1253 2510 lorsltan
1268 2449 1314 2508 sol
1329 2464 1476 2522 nunquam
1492 2450 1535 2505 eis
1551 2447 1688 2505 latuisset
1703 2443 1746 2501 ⁷⁸¹.
1763 2445 1793 2501 ln

95 2540 231 2610 huminis,
254 2539 303 2611 qui
324 2539 493 2596 Sarmaticis
517 2539 667 2596 montibus
687 2544 781 2610 ortus,
804 2541 832 2596 in
853 2555 920 2597 con·
976 2541 1070 2598 medio
1090 2544 1187 2598 autem
1207 2539 1304 2610 spatio
1324 2537 1404 2595 illins
1420 2536 1529 2594 minimi
1546 2533 1686 2607 temporis
1700 2531 1794 2589 media

95 2632 197 2700 spectu
210 2627 337 2685 Sconziae
347 2627 571 2700 septentrionali
583 2642 692 2685 oceano
702 2628 847 2686 trisulcus
859 2626 920 2684 illa·
976 2644 1032 2687 nox
1047 2629 1078 2686 lit
1089 2628 1117 2686 in
1128 2628 1223 2686 medio
1238 2631 1383 2685 terrarum
1397 2626 1486 2684 orbis.
1504 2625 1559 2683 Sed
1574 2629 1603 2683 et
1620 2625 1724 2681 beatus
1740 2623 1796 2677 hu·

93 2714 185 2785 bitur,
207 2715 387 2772 Germaniam
410 2715 616 2787 Scythiamque
636 2716 844 2773 determinans.
867 2707 919 2771 Ubi
974 2718 1110 2789 gostinus
1135 2717 1162 2773 iu
1188 2716 1345 2786 sententia,
1363 2729 1428 2787 quae
1444 2715 1471 2771 in
1486 2710 1697 2773 aecclesiastice
1713 2710 1745 2766 tlt
1759 2707 1794 2767 de

91 2801 919 2884 etiamaliasplurcs⁷⁸⁰insulaedicunturessedispositaep
975 2807 1050 2877 sole,
1066 2807 1102 2864 dc
1117 2805 1228 2864 ambitu
1244 2804 1316 2863 solis
1332 2803 1401 2862 dicit
1420 2805 1474 2875 (De
1485 2800 1653 2862 Genesilib.
1668 2815 1686 2857 ι.
1699 2799 1793 2872 opera

92 2893 127 2948 ed
149 2905 220 2962 quas
239 2892 263 2949 si
282 2892 436 2962 congelato
458 2892 528 2949 mari
547 2892 584 2948 ob
606 2892 723 2949 niurrium
745 2892 837 2962 lrigus
859 2888 919 2962 lnp¹
975 2897 1020 2952 ed.
1038 2896 1160 2954 Froben.
1183 2895 1230 2965 lll,
1246 2910 1274 2965 p.
1291 2894 1353 2966 ebe)
1369 2913 1375 2950 :
1392 2893 1546 2953 Attstralir
1560 2904 1629 2963 erpo
1641 2902 1715 2962 pars
1728 2901 1794 2947 curn

93 2979 275 3048 transierint,
292 2979 450 3037 luminibus
466 2981 599 3038 teruntur
615 2979 733 3053 privari.
750 2981 791 3037 lta
805 2995 861 3037 non
875 2995 921 3037 so·
975 2984 1065 3043 hadel
1076 2984 1175 3054 solem,
1190 2982 1274 3041 codis
1288 2982 1352 3041 dies
1366 2983 1427 3053 seh·
1440 2996 1506 3041 cum
1521 2981 1620 3038 autem
1630 2979 1795 3051 adportent

92 3067 150 3125 lum
175 3069 340 3126 bominibus
365 3068 557 3142 inhospitales
580 3083 681 3126 verum
705 3069 794 3127 etiam
815 3068 918 3127 bestiis
972 3076 1126 3148 aquilopis
1140 3076 1288 3134 circuiens
1299 3072 1485 3146 perpetitur,
1501 3069 1585 3128 realis
1595 3069 1794 3141 recommota

95 3164 183 3216 terrae
199 3161 267 3215 sunt
282 3157 428 3216 crudeles.
446 3159 476 3214 ln
488 3158 608 3215 &aazia
622 3173 692 3215 vero
708 3157 801 3216 insula
818 3158 917 3215 multae
973 3165 1071 3222 pamm
1080 3163 1189 3222 teatio
1193 3162 1285 3234 parte
1293 3174 1352 3218 porr
1359 3165 1403 3218 set
1412 3159 1486 3229 dies,
1498 3158 1550 3217 athi
1559 3157 1712 3228 merentia
1720 3154 1794 3216 solis

90 3252 120 3303 et
136 3245 261 3304 diversas
281 3252 398 3303 manent
414 3246 557 3317 nationes,
575 3261 697 3317 quarum
713 3252 824 3320 septem
840 3262 955 3333 com-0
971 3252 1023 3324 est,
1039 3251 1103 3312 etat
1112 3251 1198 3324 sorte
1214 3250 1339 3322 poeticis
1350 3248 1507 3322 figmentis
1522 3261 1572 3306 eor
1585 3244 1795 3304 declinandam

91 3338 232 3393 memorat
248 3333 450 3402 l’tbolomcus3
466 3349 502 3392 ex
518 3335 625 3406 quibus
641 3349 697 3392 una
713 3335 791 3393 dicia
808 3335 915 3406 adogit
970 3341 1023 3410 eet,
1040 3340 1242 3399 depredamur
1264 3340 1356 3397 rotem
1378 3337 1459 3396 mers·
1472 3348 1504 3395 se
1518 3338 1689 3407 immergere
1703 3333 1794 3406 alque

90 3423 119 3480 in
140 3424 242 3481 arctos
262 3428 345 3497 parte
365 3424 494 3493 ejusdem
513 3424 618 3481 insulae
636 3423 784 3496 consistit,
807 3439 871 3496 quae
887 3424 916 3481 in
968 3426 1792 3499 indetetresseadispertemceesurpere;qrtemqaarrt,

91 3512 185 3570 medin
206 3517 310 3571 aestate
326 3514 359 3570 db
379 3512 483 3570 diebus
503 3516 531 3569 et
552 3512 689 3571 noctibus
709 3512 803 3571 lucem
823 3511 917 3571 conti·
969 3513 1445 3588 riitamartabpssustpserolis
1456 3511 1611 3586 praeeatis
1623 3509 1794 3570 illustrare·

90 3614 178 3659 duam
195 3601 289 3659 lentur
305 3600 422 3672 babere,
444 3601 572 3673 itemque
592 3602 688 3659 medio
706 3601 829 3660 brumali
845 3604 917 3658 tem·
971 3607 1020 3665 ter
1035 3607 1127 3678 atque
1139 3604 1183 3662 ret
1196 3604 1261 3663 dies
1274 3602 1477 3674 esseapoeet
1488 3600 1712 3671 animataque
1723 3595 1794 3657 illut·

91 3704 163 3762 pore
175 3691 278 3748 eodem
290 3689 402 3748 dierum
418 3691 605 3761 noctiumque
622 3705 752 3762 numero,
770 3690 916 3750 alternato
968 3696 1094 3764 enitare,
1111 3693 1230 3766 qaeedo
1243 3691 1281 3750 cd
1293 3689 1449 3750 eis⁷⁸¹rtort
1460 3689 1560 3762 posset
1571 3686 1728 3759 ratinpala
1742 3683 1795 3743 ssd

90 3777 421 3850 moerorecnmgaudio‚
438 3777 546 3835 claram
562 3778 655 3836 lucem
672 3779 795 3837 nescire.
814 3782 848 3837 Gt
861 3781 916 3838 hoc
970 3781 1024 3840 dee
1036 3781 1256 3840 monstruositate
1270 3780 1315 3838 eol
1334 3777 1494 3850 suspicari.

91 3867 158 3925 inde
173 3866 264 3937 venit,
281 3867 348 3938 quia
360 3866 571 3938 prolixioribus
585 3868 690 3926 diebus
703 3883 754 3941 per
765 3870 828 3927 axis
843 3885 917 3928 mar·
1007 3870 1113 3940 (loun.)
1130 3867 1192 3926 Alia
1209 3881 1324 3939 quoque
1334 3881 1406 3938 gens
1417 3865 1455 3921 ibl
1467 3867 1522 3935 est,
1535 3864 1599 3937 quae
1610 3863 1741 3920 suehans
1752 3861 1794 3918 di·

90 3957 187 4028 ginem
208 3955 299 4013 solem
321 3955 420 4012 vident
441 3955 612 4014 redeuntem
630 3957 834 4029 adorientem,
853 3959 917 4016 bre·
971 3957 1058 4028 citur,
1076 3955 1160 4025 cajus
1175 3954 1272 4026 gentis
1287 3953 1418 4010 homines
1433 3952 1517 4022 cquis
1533 3956 1656 4011 utuntur
1667 3949 1792 4020 eximiis,

91 4044 225 4101 rioribus
240 4057 311 4102 vero
327 4058 385 4100 non
396 4045 439 4102 sic
451 4045 526 4116 apud
539 4044 604 4102 illos
615 4045 806 4118 conspicitur,
825 4051 857 4102 ut
869 4061 918 4104 an·
971 4047 999 4102 et
1016 4045 1044 4101 hi
1059 4048 1126 4102 sunt
1143 4042 1190 4115 qui
1207 4043 1234 4098 in
1253 4056 1323 4098 usus
1337 4043 1481 4097 Romanos
1497 4039 1672 4112 sapherinas
1689 4036 1792 4111 pelles,

93 4131 202 4190 streles
215 4132 389 4205 conspicere
403 4137 591 4190 censuerunt.
609 4133 697 4191 Nobis
710 4133 786 4190 eninr
801 4133 918 4192 videtur
972 4132 1148 4191 commercio
1163 4131 1386 4198 interveniente,
1400 4142 1452 4200 per
1462 4127 1535 4184 alias
1547 4126 1715 4183 innumeras
1726 4138 1795 4196 gen·

91 4220 135 4278 sol
152 4221 189 4279 ab
205 4220 263 4278 imo
279 4234 412 4291 surgere,
435 4220 495 4278 illis
515 4236 583 4277 vero
604 4222 762 4292 marginem
779 4221 915 4280 circuire.
971 4227 1017 4279 tes
1030 4220 1246 4289 transmittunt,
1263 4217 1366 4274 laraosi
1377 4217 1482 4274 decora
1494 4214 1612 4289 pellium
1628 4212 1791 4284 nigredine.

91 4307 149 4366 liec
174 4308 229 4367 boc
255 4306 343 4366 alicui
369 4308 541 4366 incredibile
565 4308 709 4381 rideatur,
724 4311 790 4383 quia
806 4310 917 4369 Plinius
972 4309 1049 4367 Ηίτω
1061 4324 1126 4367 cnm
1138 4309 1239 4380 inopes
1251 4307 1359 4377 vivant,
1376 4305 1520 4363 ditissime
1532 4303 1708 4361 vcstiuntur.
1721 4304 1795 4359 Sunt

91 4395 133 4469 (ιι,
154 4411 185 4456 c.
208 4401 265 4470 75),
294 4397 472 4456 secularium
497 4398 714 4457 eruditissimus
738 4397 915 4471 litterarum,
973 4398 1011 4455 ibi
1023 4404 1053 4455 et
1065 4396 1187 4468 suetidi,
1199 4396 1308 4467 cogniti
1321 4397 1348 4452 in
1360 4396 1522 4466 baegente,
1538 4392 1660 4466 reliquis
1669 4405 1795 4464 corpore

91 4485 194 4544 eodem
210 4485 274 4542 lieri
289 4485 374 4542 modo
386 4486 414 4542 in
426 4485 521 4544 insula
536 4486 615 4543 Thile
629 4491 758 4545 testatur
769 4489 846 4545 circa
859 4488 917 4546 sol·
971 4487 1189 4557 eminentiores,
1203 4484 1425 4558 quamvisllani,
1436 4483 1612 4556 exipsorum
1625 4481 1719 4555 stirpe
1732 4494 1796 4553 pro·

91 4574 210 4631 sticinm
224 4572 356 4632 aestirale
373 4578 403 4630 et
419 4573 550 4632 brumale
564 4573 711 4646 aliquibus
726 4580 839 4633 tantum
857 4577 916 4632 die·
932 4571 957 4630 [l
972 4575 1077 4647 gressi,
1091 4573 1215 4633 llerulos
1227 4573 1485 4646 propriissedibns
1499 4569 1677 4644 expulerint,
1693 4569 1743 4642 qui
1754 4569 1796 4625 in·

93 4661 156 4722 bus.
189 4661 272 4729 Quod
296 4666 325 4718 et
350 4662 528 4720 uenerabilis
558 4663 633 4719 Beda
662 4665 843 4736 comprobat,
874 4665 917 4722 di·
971 4669 1018 4722 ter
1033 4678 1132 4721 omues
1147 4663 1275 4721 Scauziae
1290 4663 1425 4719 nationes
1440 4675 1544 4719 nomen
1556 4659 1611 4718 sibi
1624 4658 1795 4732 precipuum

89 4763 161 4808 cens
174 4748 249 4821 (226)
264 4750 320 4807 sibi
337 4749 447 4808 dictum
464 4750 552 4807 luisse
567 4766 581 4808 a
599 4751 773 4823 quibusdam
785 4753 915 4826 clericis,
971 4756 1009 4811 ob
1026 4753 1142 4809 nimiam
1159 4751 1366 4824 proceritatem
1383 4750 1522 4807 allectant
1535 4747 1580 4805 ⁷⁸⁴.

92 4837 186 4911 quiin
203 4837 305 4897 eadem
319 4837 415 4895 insula
433 4839 549 4894 inerunt
566 4852 581 4895 a
596 4838 657 4894 llal.
676 4840 758 4898 Febr.
776 4841 916 4913 usquead
1007 4843 1049 4899 Es
1069 4843 1122 4899 bac
1138 4841 1228 4912 igitur
1244 4840 1365 4897 scanzia
1381 4838 1486 4908 insula,
1504 4851 1593 4908 quam
1608 4835 1657 4893 alii
1671 4833 1797 4891 Scande-

772 4956 890 5014 vhitlAE
910 4957 1110 5016 anemonas,

127 5057 162 5092 ⁷⁸⁸
178 5058 272 5131 ipsum
283 5064 320 5116 uc.
361 5057 395 5091 ⁷⁸⁶
411 5073 437 5114 v.
449 5073 500 5116 sue
512 5064 537 5116 5.
550 5063 587 5117 90.
626 5058 660 5094 ⁷¹⁷
674 5060 814 5118 Historia
825 5061 988 5123 Gothorum
998 5063 1128 5131 deertE,·
1136 5062 1170 5120 ie
1179 5063 1229 5118 bl.
1241 5072 1310 5120 erro
1319 5060 1353 5118 r'rt
1362 5056 1611 5132 quaternionibus
1620 5055 1693 5115 111.
1704 5053 1793 5115 1111.

86 5131 156 5203 jam
170 5129 375 5200 deficientibus
389 5130 553 5212 separatim
574 5131 688 5202 scripte
703 5131 777 5188 mat.
793 5132 833 5190 Ie
845 5134 871 5190 2
888 5135 942 5204 qai
952 5135 1091 5206 plurime
1105 5133 1207 5193 emisit
1225 5133 1326 5189 emoto
1339 5133 1408 5202 jem
1423 5129 1493 5188 tede
1509 5142 1529 5186 c
1544 5126 1644 5211 perdis
1657 5146 1668 5183 .·
1682 5127 1796 5184 llertum

92 5205 189 5260 nutem
205 5200 542 5281 Valenteomrasasrrrtt.
582 5199 617 5235 ⁷³⁸
632 5206 676 5258 est
692 5203 720 5258 ιι·
737 5207 761 5259 5.
801 5201 836 5236 ⁷⁸⁹
851 5204 1023 5263 Gottborum
1037 5211 1063 5263 5.
1101 5203 1137 5238 ⁷⁸⁰
1152 5203 1348 5276 quamplures
1362 5205 1400 5258 9⁰.
1439 5197 1473 5234 ⁷⁸¹
1488 5205 1508 5258 t.
1525 5214 1569 5256 ers
1580 5204 1605 5256 5.
1644 5197 1679 5233 '⁸'
1694 5213 1721 5271 q.
1740 5212 1796 5255 non

92 5287 121 5343 p.
138 5271 175 5328 ab
190 5271 234 5328 eis
249 5275 273 5327 5.
313 5269 349 5305 ⁷⁸⁸
363 5272 402 5327 hir
421 5277 445 5328 5.
462 5273 581 5343 raptae.
621 5271 655 5305 ⁷⁶⁴
671 5273 809 5331 affectent
825 5277 849 5332 t.
869 5280 911 5332 lo.
928 5275 1074 5334 afflectent
1089 5280 1128 5333 90.

896 5380 1012 5440 NOTAE.

119 5472 204 5557 1²2⁶)
221 5474 287 5557 llaec
303 5473 330 5531 iu
347 5472 431 5532 bedae
446 5474 711 5558 operibnsulrnstra
728 5476 884 5562 qnaeri,sed
900 5479 929 5540 in
986 5480 1186 5553 bappenberg.
1204 5475 1319 5535 Archiv.
1338 5491 1376 5548 rt,
1394 5492 1420 5549 p.
1437 5478 1491 5535 890
1509 5472 1656 5536 adnotavit

93 5543 199 5604 brcurlr
216 5544 302 5604 lubre.
322 5546 361 5603 lte
379 5559 512 5606 mensura
529 5548 610 5606 orbis
624 5562 673 5619 vu,
690 5552 716 5620 b,
733 5554 758 5617 6,
777 5549 843 5623 legi,
857 5553 916 5624 jam
