3788 6000
88 181 130 252 ⁸9
722 196 1119 270 chaenicem-tm.
1135 200 1160 269 1.
1751 199 1793 269 90

89 322 229 400 sepultus
247 330 294 386 est
311 323 339 387 in
355 326 479 391 eeclesia
496 333 573 394 beati
588 335 666 396 Petri
683 337 785 396 dllon.
804 336 911 408 llareii,
928 337 958 400 A
972 335 1062 397 exivit
1075 334 1462 406 odoacroeunerunsuuos
1472 335 1619 412 dispersos
1629 337 1790 413 inveniens,

88 418 118 471 et
135 416 264 474 cessauit
281 419 472 494 episcopatus
488 424 551 482 dies
567 429 592 482 6.

125 503 277 578 [433333]
301 510 372 565 Post
395 517 509 583 captam
536 515 626 585 igitur
649 518 767 575 Romam
793 530 912 587 regnum

89 593 251 652 Gothorum
270 597 372 655 hilaria
388 599 531 659 divisione
548 605 687 675 partitum
703 609 759 667 est,
775 605 869 676 etqui
886 605 913 660 iu

88 681 172 738 ltalia
192 692 407 756 remanserunt,
420 688 522 746 ditioni
539 705 570 747 33
588 692 912 764 imperiitradiderunt;

89 767 337 840 reliquiTolosam
349 775 665 846 aquitaniacivltstem
677 782 731 839 sihi
744 785 912 839 statuerunt

88 858 199 915 sedem.
218 860 375 931 Elegerunt
392 864 544 923 adaulfum
571 883 677 941 regem,
695 871 744 941 qai
767 876 797 927 et
822 870 914 928 Placi-

89 945 166 1002 diam
183 947 268 1004 duxit
285 966 414 1023 uxorem,
433 956 464 1009 ut
480 955 590 1013 dictum
613 962 667 1015 est.
686 959 776 1031 [Isim]
793 959 855 1025 Quo
870 974 912 1016 se·

90 1034 182 1105 ptimo
199 1051 275 1093 anno
290 1040 397 1110 occiso,
416 1041 507 1100 Vallia
533 1046 683 1117 successit,
699 1051 726 1102 et
744 1048 770 1104 ei
786 1047 914 1104 Theodo-

90 1121 180 1193 rieus‚
212 1127 240 1179 et
271 1125 450 1184 Theodorieu
479 1131 693 1203 Thorsimodus,
723 1134 912 1191 Thorsimodo

88 1225 207 1282 quoque
221 1213 427 1286 Theudoricus,
440 1222 469 1273 ct
482 1216 508 1274 ei
524 1220 647 1277 Euricus
664 1223 753 1279 irater
767 1223 839 1293 eius.
859 1224 912 1289 Qui

89 1298 913 1379 llispaniasGalliasqueettotamBurgundiamsihisuh-

88 1387 159 1443 dens
169 1392 220 1445 24ο
230 1405 305 1447 3333
317 1393 397 1462 regni
412 1394 456 1450 sui
474 1395 592 1452 Arelate
610 1399 691 1455 obiit.
706 1399 755 1455 Gui
768 1400 912 1456 successit

89 1475 911 1558 AlaricuseuntraquemGlodoveuspugnavit.[Thronoi

89 1565 172 1622 Gothi
190 1581 272 1638 ergo,
290 1569 338 1638 qui
363 1574 471 1628 terrani
492 1572 583 1630 ltaliae
607 1576 813 1648 possederunt,
829 1585 858 1634 et
881 1592 912 1634 se

90 1654 195 1711 ditioni
207 1655 322 1728 imperii
335 1659 438 1715 Leonis
451 1662 646 1734 tradiderunt,
661 1681 726 1721 eum
738 1666 773 1721 ah
782 1666 912 1723 Odoacro

90 1757 156 1812 rege
172 1743 350 1801 llerulorum
367 1751 395 1803 et
412 1748 515 1806 vicinis
529 1751 668 1819 gentihus
683 1753 802 1810 assidue
818 1759 914 1811 uasta-

90 1835 203 1901 rentur,
213 1832 387 1903 perlegatos
399 1837 520 1894 Leonem
533 1838 740 1911 imperatorem
750 1842 914 1913 postulave-

89 1923 166 1989 runt,
179 1924 211 1976 ut
224 1920 432 1979 Theodericum
444 1925 487 1981 eis
499 1926 669 1984 institueret
684 1930 849 2002 patricium,
863 1932 912 2001 qui

90 2008 269 2065 adversariis
284 2024 386 2066 eorum
403 2013 563 2070 resisteret.
582 2016 664 2083 Quod
679 2018 837 2090 imperator
860 2022 914 2076 Leo

90 2093 252 2152 clementer
268 2113 407 2169 annuens,
425 2116 489 2157 cum
504 2103 629 2160 consilio
650 2110 771 2163 senatus
795 2109 913 2164 Romam

89 2184 301 2243 Theodericum
310 2186 428 2260 direxit,
437 2190 486 2261 qui
499 2206 513 2246 a
525 2193 662 2248 Romanis
673 2201 704 2250 et
715 2196 816 2252 Gothis
826 2197 914 2269 patri-

88 2271 183 2327 ciatus
200 2273 311 2330 honore
322 2274 450 2344 gloriose
461 2285 617 2351 susceptus
628 2285 683 2337 est.
699 2283 748 2338 llio
760 2297 913 2353 exgenere

90 2359 276 2418 llaeedouum
294 2363 358 2420 4344.
372 2364 487 2423 idacius
501 2368 577 2422 enim
595 2369 736 2440 patricius
746 2374 775 2427 ct
786 2373 913 2441 Eugenia

91 2462 160 2504 uxor
176 2449 244 2520 eius
259 2466 325 2506 eum
341 2459 440 2509 essent
451 2455 560 2526 alasque
571 2456 681 2528 liberis,
693 2464 723 2514 et
735 2460 874 2515 haherent
885 2460 913 2515 in

89 2536 252 2593 ministerio
267 2538 444 2598 creditarios
453 2558 568 2614 pueros,
581 2545 761 2602 Theodorum
773 2552 803 2602 et
815 2547 913 2609 liliam

971 444 1036 486 cum
1048 430 1150 502 paucis
1160 444 1211 487 eos
1222 433 1351 501 superat,
1364 433 1620 500 persequutusque
1629 430 1792 490 odoacrum

971 517 1099 576 vinetum
1111 534 1176 576 cum
1190 533 1281 575 uxore
1297 520 1325 574 et
1337 516 1438 573 liheris
1448 517 1605 588 interiecit,
1617 520 1793 590 gentemque

970 609 998 661 et
1016 621 1136 676 regnum
1153 606 1326 664 llerulorarn
1343 605 1460 662 delevit.

1007 692 1096 764 [lem]
1111 696 1267 765 Postquam
1276 708 1346 749 vero
1356 692 1487 748 Wandali
1498 693 1532 749 ad
1546 692 1680 751 hllricam
1696 695 1793 749 trans-

970 780 1076 851 ierunt,
1094 780 1231 838 Galiciam
1257 781 1340 837 Suevi
1358 781 1455 837 sortiti
1471 785 1539 837 sunt
1556 800 1562 835 :
1580 785 1609 838 et
1625 796 1676 838 rex
1692 796 1794 838 eorum

969 869 1126 927 Ercnricus
1140 869 1273 939 regnauit
1289 884 1313 925 a.
1333 873 1375 939 33,
1393 878 1421 924 34
1439 875 1505 941 post
1522 884 1587 926 eum
1604 869 1702 926 Recita
1719 884 1745 926 a.
1763 874 1790 938 8,

968 958 1015 1015 334
1030 960 1173 1016 Recianus
1189 958 1266 1014 444433
1281 958 1435 1026 suecessit,
1453 963 1481 1013 et
1508 957 1673 1015 catholicus
1698 958 1795 1015 laetus

969 1046 1102 1115 regnauit
1117 1062 1142 1102 a.
1159 1050 1185 1101 8.
1200 1046 1261 1112 Quo
1277 1045 1432 1101 interiectu
1448 1045 1566 1113 llaldra,
1580 1046 1749 1103 frumarius
1763 1049 1794 1101 ot

968 1135 1182 1191 lleccimuudus
1207 1149 1291 1204 reges
1314 1135 1546 1190 constituuntur.
1574 1134 1671 1190 llultis
1694 1135 1792 1205 itaque

969 1223 1127 1280 suevorum
1149 1223 1268 1293 regibus
1281 1222 1307 1277 in
1322 1222 1443 1278 Auriana
1456 1223 1577 1294 perfidia
1596 1222 1792 1295 permanenti-

970 1310 1789 1382 hus,tandernregnumTheodornirusaccepit,quistatim

970 1399 1243 1456 Suevoseatholieae
1259 1399 1325 1455 lidei
1342 1398 1479 1454 reddidit.
1498 1399 1547 1454 Gui
1574 1400 1651 1455 llaro
1675 1413 1792 1455 sueces-

974 1488 1011 1543 sit
1028 1492 1058 1543 et
1072 1488 1238 1557 regnavita.
1255 1489 1295 1543 44.
1310 1486 1380 1543 lluic
1392 1486 1792 1557 Elioricussuceessit,quem
1819 1481 1821 1485 ’

971 1575 1087 1631 andeca
1110 1582 1224 1646 sumpta
1243 1574 1385 1630 tirannide
1403 1590 1492 1644 reguo
1509 1574 1633 1646 privavit
1648 1579 1678 1630 et
1694 1588 1790 1629 mona-

927 1664 1056 1751 Bohum
1073 1665 1151 1720 43344.
1169 1666 1274 1720 Contra
1298 1678 1382 1734 quern
1409 1663 1594 1732 leovigildus
1619 1663 1792 1719 Gotthorum

971 1768 1022 1808 rex
1038 1753 1175 1825 pugnavit
1185 1758 1213 1808 et
1226 1754 1343 1822 captum
1355 1752 1482 1808 totondit
1494 1757 1524 1807 ut
1536 1751 1740 1824 presbyterum
1755 1751 1794 1806 43-

970 1841 1020 1911 344,
1033 1847 1061 1896 34
1079 1841 1121 1897 343
1137 1855 1257 1910 regnum
1269 1842 1428 1896 Sueuoruur
1442 1839 1469 1894 iu
1482 1840 1590 1895 Gothos
1602 1839 1793 1907 transfertur,

971 1930 1047 2002 quod
1064 1934 1211 1986 manserat
1239 1945 1264 1985 a.
1283 1935 1343 1985 177.
1371 1905 1501 2000 lheguum
1527 1944 1595 1986 veru
1621 1929 1794 1984 Gotthorum

971 2023 1071 2091 postca
1084 2018 1198 2076 duravit
1212 2034 1236 2074 3.
1251 2019 1311 2074 aad.
1324 2017 1499 2089 leovigildo,
1513 2017 1574 2088 regi
1587 2017 1732 2089 llispauiae
1744 2015 1793 2087 qui

970 2107 1085 2164 hlarieo
1101 2109 1257 2177 suecessit,
1271 2107 1450 2163 Richaredus
1466 2123 1517 2163 rex
1529 2106 1686 2175 suecessit,
1702 2106 1793 2161 lratro

970 2193 1033 2264 ejus
1049 2195 1258 2266 herminigildo
1273 2196 1412 2266 martyrio
1428 2211 1443 2251 a
1463 2200 1547 2266 patre
1571 2198 1720 2252 coronato.
1738 2193 1790 2249 llio
1838 2261 1842 2269 ι

970 2283 1151 2340 Richaredus
1168 2292 1282 2340 secrete
1298 2284 1474 2354 baptizatus,
1492 2298 1590 2340 omues
1610 2283 1720 2339 Gothos
1744 2283 1795 2337 To·

971 2369 1061 2428 letum
1077 2372 1270 2428 3433343334
1286 2372 1371 2427 tidem
1387 2370 1560 2427 catholicam
1576 2369 1704 2438 reduxit,
1718 2383 1794 2424 anno

970 2460 1006 2514 ah
1022 2459 1222 2515 incarnatione
1239 2459 1349 2513 Domini
1367 2463 1426 2514 444.

1007 2548 1100 2618 thum]
1116 2549 1254 2619 Tempore
1279 2545 1313 2578 ¹⁶⁹
1337 2546 1439 2602 Leonis
1471 2545 1582 2602 l'larius
1612 2543 1793 2600 Arelatensis

89 2625 272 2694 llaeedoues,
284 2629 360 2685 unde
372 2631 485 2701 parvuli
498 2633 611 2690 lucrant
624 2635 750 2706 advecti,
762 2635 914 2708 copulare·
970 2640 1000 2691 34
1011 2636 1186 2692 Claudianus
1197 2633 1447 2691 Viennensiselari
1457 2633 1611 2689 hahentur.
1621 2631 1792 2703 pyminiola,

91 2721 158 2771 runt
173 2730 228 2772 eos
244 2715 377 2773 inuicem.
397 2720 523 2789 Eugeuia
542 2720 631 2790 iussit
652 2723 756 2795 puellae
773 2728 802 2779 ut
820 2724 848 2779 in
864 2740 913 2780 no·
969 2739 1053 2780 soror
1072 2724 1165 2780 sancti
1191 2723 1278 2778 llarii
1303 2721 1495 2790 arclatensis,
1522 2736 1594 2777 uxor
1620 2720 1672 2777 luit
1700 2718 1791 2776 saneti

91 2804 696 2880 ctequajungerenturquiedquiduidisset
709 2811 736 2867 in
748 2813 850 2868 sonnio
858 2813 912 2870 sihi
971 2813 1040 2883 lupi
1056 2810 1296 2881 l'rceassincnsis,
1314 2809 1397 2879 eujus
1413 2807 1576 2879 discipulus
1601 2808 1655 2864 luit
1671 2810 1792 2863 sauctus

91 2894 226 2950 referret.
242 2894 317 2951 Vidit
330 2908 400 2965 ergo
416 2897 511 2969 puella
528 2900 761 2971 sonnium,quod
776 2903 864 2958 arhor
877 2902 912 2959 de
970 2900 1163 2957 Pulchronius
1198 2898 1399 2955 virdunensis.
1431 2898 1546 2969 Septem
1575 2901 1672 2953 autem
1705 2894 1791 2951 sirrrul

90 2997 119 3037 ea
135 2981 266 3038 exiliens
280 2988 339 3039 tam
351 2985 488 3042 excelsus
499 2993 576 3045 esset
588 2994 617 3045 ut
631 2991 723 3046 nuhes
734 2995 910 3062 penetraret.
971 2991 1051 3046 luere
1068 2989 1159 3045 aunis.

90 3070 173 3135 Quod
188 3086 256 3127 cum
273 3072 337 3127 uiro
351 3083 511 3146 narrasset,
529 3076 600 3133 dicit
616 3078 651 3133 ad
666 3092 728 3133 earn
745 3097 751 3132 ε
771 3079 845 3137 Crem
858 3080 888 3137 34
903 3111 914 3119 -
929 3046 954 3111 C

90 3158 163 3215 teris
179 3159 215 3215 in
227 3161 382 3232 conspeetu
403 3162 528 3220 4333433
543 3164 609 3234 tue,
626 3165 705 3223 44333
720 3166 748 3222 ei
761 3166 872 3225 cidisse
887 3167 915 3224 te

91 3246 914 3327 taceoeteequumetequomritmtepeterueumeuquor

90 3336 272 3408 sequebatur
286 3353 378 3409 equ-rea
387 3342 546 3412 porculeta,
562 3343 748 3400 3343433433
768 3345 801 3401 ic
818 3345 914 3401 medio

90 3424 278 3482 dominorum
293 3427 419 3483 tuorum.
436 3429 562 3499 Eugenia
579 3430 632 3487 hoe
648 3430 769 3487 audiens
784 3431 847 3488 viro
862 3447 914 3490 suo

90 3514 222 3583 uuueiat,
234 3520 264 3569 et
275 3520 413 3586 putantes
425 3517 547 3575 liberum
560 3519 699 3585 futurum,
709 3521 809 3576 statim
819 3526 915 3577 utros·

91 3617 145 3674 que
162 3603 274 3660 liberos
286 3618 352 3660 esse
365 3604 528 3677 iusserunt,
541 3612 569 3663 et
587 3610 676 3664 rebus
693 3607 826 3680 plurimis
842 3608 915 3665 dita·

90 3697 206 3748 uerunt.
219 3693 335 3764 Peperit
352 3709 423 3764 ergo
438 3694 508 3751 Lilia
526 3695 615 3752 liliam
631 3697 745 3753 nornine
761 3698 916 3754 Theoderi-

91 3793 166 3850 cum,
178 3796 266 3852 quem
277 3781 391 3838 ldaeius
408 3786 437 3839 et
453 3785 590 3855 Eugenia,
602 3786 669 3856 quia
684 3791 763 3842 esset
781 3786 913 3857 decorus,

92 3869 223 3940 prudeus
238 3872 268 3925 et
285 3870 368 3927 lurtis
384 3875 412 3927 34
426 3870 539 3943 longus,
554 3873 608 3930 sihi
622 3874 834 3946 adoptaverunt
847 3875 874 3930 in
886 3875 917 3930 lr-

91 3956 171 4014 lium.
183 3959 254 4014 Post
271 3973 393 4028 quorum
410 3965 532 4017 mortem
548 3967 696 4034 praecepto
713 3963 815 4019 Leonis
827 3963 916 4035 inipe-

91 4046 200 4102 ratoris
218 4045 344 4102 militare
367 4047 478 4119 jussus,
495 4050 649 4106 duodecim
676 4052 758 4107 aunis
785 4052 916 4108 militiam

90 4149 198 4205 gerens
210 4138 300 4190 tantm
312 4135 494 4193 tortitudinis
508 4141 538 4192 ct
550 4137 655 4207 ingenii
671 4138 770 4210 praelia
780 4140 915 4209 gessit,ut

90 4226 125 4280 ab
141 4222 281 4280 omuibus
297 4223 479 4294 diligeretur.
489 4227 642 4284 Postremo
655 4228 916 4299 senatorcspalatii

93 4315 179 4367 tanto
191 4310 309 4367 inuidiae
325 4311 428 4368 dolore
440 4327 504 4369 eum
517 4315 687 4385 persequuti
699 4320 777 4384 sunt,
786 4322 817 4371 ut
826 4316 915 4387 inqui·

1006 3076 1148 3147 (Gestae.
1165 3075 1216 3143 lt.)
1232 3076 1371 3146 Tempore
1384 3073 1474 3142 igitur
1486 3071 1609 3128 Odoacri
1621 3073 1700 3141 rugis
1715 3070 1793 3127 sedit

971 3167 1066 3221 Rornae
1083 3164 1162 3219 l'ulix
1178 3163 1294 3219 natione
1310 3163 1466 3233 Romanus,
1477 3167 1559 3233 patre
1571 3159 1666 3217 Felice
1681 3158 1792 3231 presbi-

973 3259 1046 3324 tero,
1061 3268 1088 3308 a.
1106 3257 1132 3322 8,
1151 3267 1186 3306 nr.
1207 3255 1248 3320 ll,
1274 3252 1301 3306 d.
1327 3255 1369 3307 48.
1395 3250 1458 3306 Fuit
1484 3263 1575 3319 usque
1600 3248 1635 3304 ad
1661 3253 1790 3319 tempora

970 3341 1150 3398 Theoderici.
1168 3342 1226 3396 suh
1242 3341 1297 3395 hoc
1313 3339 1419 3395 iterum
1436 3338 1515 3394 veuit
1532 3336 1635 3393 relatio
1646 3336 1680 3392 de
1693 3335 1794 3392 Greoia

970 3432 1088 3486 l'etruni
1114 3428 1341 3484 Alexandrinum
1367 3431 1536 3483 reuocatum
1554 3427 1589 3481 ab
1607 3425 1708 3482 acatio
1725 3427 1795 3480 Gon·

971 3516 1243 3588 stautinopulitano,
1256 3520 1284 3570 et
1298 3516 1375 3570 lacto
1391 3513 1515 3570 33334443
1531 3511 1611 3569 Felix
1627 3528 1699 3584 papa
1716 3512 1794 3568 dam·

971 3606 1070 3680 333344
1086 3604 1218 3661 heatiurn
1235 3619 1299 3661 eum
1315 3605 1412 3659 Petro.
1426 3603 1482 3659 Leo
1494 3617 1564 3672 ergo
1576 3602 1734 3673 imperator
1745 3616 1793 3656 ex·
1832 3609 1835 3615 ’

971 3696 1046 3752 33443
1062 3695 1089 3750 43
1106 3693 1227 3765 imperio
1245 3699 1276 3749 >17
1291 3692 1375 3748 33343
1390 3691 1464 3747 ohiit
1479 3706 1553 3747 auno
1581 3693 1616 3747 ah
1639 3691 1694 3746 ine.
1712 3691 1791 3745 Dour.

971 3787 1032 3840 474.
1050 3783 1198 3840 suecessit
1213 3781 1288 3836 altcr
1305 3782 1360 3837 Leo
1375 3787 1404 3836 et
1421 3780 1522 3836 eodem
1539 3795 1613 3836 anuo
1639 3778 1794 3834 defunctus

971 3878 1027 3929 est.
1042 3872 1131 3943 [43334
1148 3872 1224 3927 Tune
1239 3872 1333 3926 Zenon
1346 3869 1504 3940 imperator
1515 3868 1649 3937 ellicitur,
1662 3865 1738 3938 quod
1751 3871 1792 3921 to·

971 3962 1034 4018 nuit
1053 3977 1077 4016 3.
1096 3964 1138 4015 ld.
1156 3961 1214 4015 Sah
1231 3975 1287 4029 quo
1301 3974 1407 4030 corpus
1423 3958 1561 4013 Barnahae
1588 3954 1714 4029 apostoli
1730 3969 1795 4025 rep·

972 4050 1094 4124 peritur.
1113 4049 1155 4104 Ah
1171 4050 1225 4104 hoe
1241 4047 1346 4103 relatio
1362 4046 1439 4103 vonit
1465 4050 1496 4102 ut
1522 4045 1656 4117 penitens
1682 4043 1792 4100 rediret

972 4225 1127 4298 episcopos
1152 4226 1297 4279 llcsenunr
1321 4228 1350 4276 ct
1375 4219 1508 4290 vitalem,
1527 4225 1559 4275 ut
1582 4219 1606 4274 si
1629 4216 1793 4274 invenirent

973 4313 1143 4386 complicem
1155 4311 1233 4368 Petri
1247 4309 1378 4367 acatium
1388 4309 1580 4381 dampnarent
1590 4321 1651 4363 eos.
1665 4305 1718 4373 Qui
1730 4320 1794 4361 eor-

94 4406 195 4456 rerout
213 4400 341 4471 qualiter
351 4401 437 4471 jussu
455 4403 640 4475 imperaturis
656 4405 800 4461 interiret.
817 4403 918 4461 Tholo·
931 4403 959 4465 D
974 4403 1053 4474 rupti
1077 4400 1197 4473 pecunia
1215 4415 1271 4456 nou
1289 4400 1418 4455 lecerunt
1432 4396 1515 4467 juxta
1534 4401 1710 4468 praeceptum
1727 4408 1794 4466 apu-

94 4493 286 4546 meusautem
304 4490 421 4561 quidam
438 4492 473 4547 43
489 4493 677 4549 senatoribus
693 4509 757 4550 eum
774 4510 808 4550 eo
823 4495 919 4552 amiei-

96 4578 166 4633 tiam
182 4577 258 4648 iniit,
277 4592 361 4649 quam
378 4594 469 4651 usque
484 4583 512 4654 ip
528 4580 603 4637 diem
626 4581 724 4638 obitus
745 4583 916 4639 custodivit.

99 4667 260 4737 Susceptus
275 4681 345 4738 ergo
360 4682 375 4723 a
392 4668 527 4725 Ronlanis
542 4673 572 4724 34
588 4669 687 4725 Gothis
703 4685 768 4727 cum
788 4671 918 4726 Odoacro

96 4754 145 4824 qui
161 4754 280 4810 Romam
295 4754 461 4826 optinuerat
477 4760 506 4812 34
519 4756 635 4813 44333443
647 4756 730 4829 plura
743 4758 843 4829 praelia
855 4775 919 4829 ges·

97 4847 146 4897 sit.
165 4843 314 4915 [Furore]
331 4843 381 4900 liic
398 4844 487 4916 igitur
499 4846 622 4916 quadam
635 4845 706 4902 inito
719 4846 819 4917 praelio
831 4848 919 4904 Theo·

97 4931 218 4988 dericus
232 4947 298 4988 eum
315 4932 426 5004 Gothis,
445 4934 559 5003 lugiens
582 4935 745 4991 Ravennam
767 4935 919 5006 ingressus

97 5025 155 5076 est.
171 5019 226 5076 Ubi
242 5020 342 5077 tiliam
360 5027 481 5078 matrem
497 5037 579 5079 suam
595 5022 752 5094 inveniens,
766 5026 801 5079 ah
812 5040 845 5081 ca
858 5040 920 5082 cor-

98 5112 203 5180 reptus
219 5124 284 5166 eum
300 5109 478 5182 inproperio,
492 5112 569 5182 quod
581 5126 637 5167 non
649 5116 730 5169 esset
744 5113 791 5169 uhi
806 5114 918 5183 lugeret

98 5197 153 5254 nisi
170 5196 325 5253 utiterum
343 5197 547 5268 ingrederetur
572 5205 685 5258 uterum
703 5200 739 5257 de
764 5216 821 5273 quo
836 5209 921 5259 natus

98 5291 191 5356 esset,
204 5284 322 5343 nimium
334 5288 482 5359 33343333,
495 5303 560 5345 eum
572 5289 674 5362 paucis
686 5289 791 5346 iterum
806 5291 919 5348 obviam

975 4489 1088 4547 stolium
1104 4487 1190 4545 sedis.
1204 4487 1310 4543 Eodem
1328 4491 1458 4557 tempore
1475 4485 1551 4540 43343
1562 4482 1671 4555 synodo
1682 4481 1795 4538 invenit

971 4579 1123 4650 iudicium,
1141 4577 1241 4633 ambos
1256 4576 1410 4648 episcopos
1434 4577 1592 4644 corruptos
1616 4570 1748 4643 pecunia,
1765 4574 1795 4625 et

974 4668 1059 4738 eiecti
1088 4675 1155 4722 sunt
1182 4681 1196 4721 a
1222 4664 1434 4723 couuuunione.
1461 4663 1512 4719 llic
1540 4660 1674 4734 sepultus
1697 4663 1741 4715 334
1767 4659 1795 4712 iu

976 4755 1093 4813 basilica
1112 4755 1189 4812 heati
1205 4754 1297 4823 Pauli,
1309 4757 1337 4809 et
1350 4752 1475 4809 cessauit
1491 4751 1678 4823 episcopatus
1695 4747 1757 4802 dies
1768 4751 1793 4801 5.

975 4847 1044 4902 Post
1057 4860 1122 4901 eum
1135 4844 1267 4901 Gelasias
1279 4842 1394 4898 natione
1406 4842 1483 4912 4433,
1492 4844 1574 4912 patre
1587 4835 1709 4906 Valerio,
1719 4835 1796 4891 sedit

977 4951 1002 4992 3.
1020 4939 1044 4991 4.
1063 4951 1099 4990 m.
1117 4939 1142 4990 8.
1161 4935 1188 4990 4.
1201 4938 1226 4988 u.
1240 4933 1290 4989 llic
1307 4931 1360 4989 4344
1376 4935 1487 4986 narrator
1502 4926 1573 4999 cleri
1589 4931 1619 4980 et
1635 4939 1795 4996 pauperum

976 5028 1004 5080 et
1022 5024 1156 5081 liheravit
1174 5040 1188 5079 3
1205 5021 1335 5094 periculo
1351 5025 1379 5076 et
1398 5021 1470 5075 lanne
1487 5017 1599 5074 urhem.
1614 5012 1705 5083 liuius
1724 5017 1796 5069 tem-

977 5113 1097 5185 porihus
1119 5111 1259 5169 llauiehei
1282 5111 1311 5165 in
1327 5110 1399 5167 urhe
1416 5105 1525 5162 inventi
1540 5103 1630 5160 exilio
1647 5104 1795 5175 deportati

977 5206 1054 5273 sunt,
1071 5204 1100 5258 34
1117 5200 1234 5258 3344333
1257 5212 1357 5255 eorum
1382 5194 1514 5251 incendio
1540 5191 1728 5249 concremati.
1746 5190 1797 5244 4443

978 5289 1125 5347 reuocauit
1150 5290 1296 5344 llosenum
1317 5285 1353 5340 34
1369 5280 1600 5340 eonunuuionem
1615 5282 1670 5338 suh
1686 5277 1798 5336 satista-

783 5417 901 5474 VthAE
923 5418 1122 5476 theutones,

137 5484 173 5518 ¹“
187 5485 326 5557 Tempore
336 5515 372 5528 -
382 5486 465 5544 annis
479 5486 513 5546 in
524 5499 620 5561 merp.
