3788 6000
611 174 797 246 HUGONIS
816 168 994 241 uestem
1013 168 1356 239 rtnvlutteeusls
1774 168 1835 234 282

113 159 187 247 *ete

133 311 228 387 spatio
240 310 364 383 contigit
373 309 543 368 inllrmasso.
558 309 611 378 Qol
622 311 709 368 nimio
732 310 953 382 ingravescente
966 313 995 374 Α
1010 305 1043 364 a.
1056 307 1136 364 Deus
1151 318 1203 377 epo
1215 317 1290 363 sera.
1303 303 1374 362 Seio
1385 301 1464 361 etet
1477 298 1772 374 malequefeetsti,
1783 312 1838 357 eee

132 398 446 472 languorissuidolore
458 400 493 456 ad
504 399 953 471 ipsurnllalendurnmnognsta·
1008 387 1837 466 adapeccuttetegtipeatioeoeatisratribustuieceioou

132 505 196 546 rum
208 488 292 560 (Aug.
303 490 329 560 l)
340 488 389 559 qui
398 503 450 560 pro
459 486 585 544 vinculis
597 486 760 545 licatiPetri
772 483 953 542 venerationi
1007 482 1217 551 iatet·siut,·ute
1231 481 1341 548 adaua3
1357 479 1450 538 babeo
1458 475 1610 552 siquidem
1623 477 1652 534 ie
1665 477 1700 534 t'rt
1708 489 1776 534 uteo
1784 491 1836 549 po·

132 578 257 635 delectur
276 575 455 634 evocationis
470 590 530 632 snae
547 576 707 647 perductus
723 578 768 632 est
789 573 875 642 diem,
888 586 953 630 cum
1010 568 1364 642 testoteetdesretribus
1375 570 1548 627 tetsanae.
1559 565 1837 625 Hethummeibi

133 664 330 738 praesentibus
342 664 482 720 tratribus
492 663 728 720 mentisencessu
740 668 851 733 raptus,
861 675 955 717 cmor-
1010 659 1121 716 dederet
1131 657 1303 727 uidistiebe’
1313 655 1687 730 quiaetirtpoiesiatemee
1698 653 1838 713 eruebat·-

133 761 185 811 tuo
197 752 412 826 penitusoxicit
423 765 437 807 e
449 766 581 823 corporo,
594 750 714 822 locaque
726 751 859 808 revisens
868 749 955 805 inier-
1007 761 1078 805 reus
1091 745 1287 820 praesensisti,
1300 746 1329 802 et
1339 745 1473 819 fratrem
1487 743 1570 802 tutuo
1576 757 1634 816 per
1647 742 1838 801 subitaneam

135 842 163 898 ni
176 841 247 897 vidit
260 840 348 897 molta
361 856 424 912 que
437 840 520 896 nobis
534 853 631 895 coram
646 839 775 895 testibus
785 838 891 910 positis
903 852 955 908 pro
1008 836 1131 894 mortem
1145 836 1180 892 at
1193 850 1259 892 eam
1272 833 1350 892 mibi
1356 833 1481 906 perdere
1491 832 1623 891 deberem
1632 832 1781 906 suffocare
1790 833 1838 890 de-

135 929 260 986 ror-itate
272 929 478 999 eonilrmaado,
492 926 797 998 solaabsentespiritu
810 926 955 983 reicrobat
1011 923 1079 983 bui?
1098 926 1141 982 lit
1164 925 1256 981 etiam
1271 924 1325 980 bec
1335 923 1455 997 fecisti,
1472 936 1538 994 que
1551 923 1585 979 itt
1602 921 1839 994 parleieboeia-

137 1018 246 1089 lingua,
258 1022 288 1074 et
300 1016 480 1085 postmodum
493 1021 613 1088 peracto
625 1015 711 1087 pleno
720 1015 808 1071 trium
820 1015 955 1070 horarum
999 1013 1125 1085 'scripto
1138 1012 1255 1070 uidisti.
1263 1012 1326 1069 Sed
1339 1013 1366 1069 si
1378 1013 1425 1069 oie
1435 1010 1472 1068 ab
1483 1011 1692 1069 dittmaaeatis
1699 1011 1836 1081 liberari,

136 1106 273 1178 spacioin
290 1121 320 1162 se
341 1119 487 1175 reversus,
504 1104 602 1161 verius
618 1104 660 1161 sic
682 1104 872 1160 confirmabat
895 1101 956 1158 nisa
1010 1102 1169 1170 nicodoro,
1194 1114 1280 1172 quem
1294 1100 1498 1171 coaetaneo·
1518 1099 1768 1170 esseeoprtoot'sti.
1786 1099 1837 1155 ilie

137 1208 274 1266 praesens,
284 1192 383 1249 cloec
393 1207 478 1264 quam
488 1206 522 1248 eo
533 1190 959 1264 ipsotesteinsciopraenotavi-
1012 1190 1106 1248 anima
1121 1189 1170 1246 illa
1188 1190 1214 1245 in
1232 1193 1353 1245 mortem
1368 1203 1460 1260 usqae
1472 1189 1570 1258 linguis
1585 1192 1613 1244 ot
1626 1187 1760 1245 adhibito
1772 1187 1838 1259 igno

136 1296 200 1338 ntus
211 1280 401 1339 subtitulabit
421 1278 568 1352 paginula.
582 1279 749 1349 Egredienti
760 1279 863 1335 anime
876 1277 956 1334 irnissi
1010 1279 1068 1351 ianr
1083 1281 1221 1350 superata
1239 1277 1374 1334 dicebat:
1394 1279 1416 1334 0
1431 1277 1548 1334 duratae
1566 1278 1655 1347 Deus,
1670 1275 1840 1355 crisseium·-

135 1385 171 1427 cx
182 1369 275 1426 officio
287 1369 476 1425 tenebrarum
489 1368 635 1440 principes
645 1368 780 1437 extitere,
806 1366 958 1439 paratique
1013 1370 1105 1426 diora.
1119 1369 1224 1437 Ardea,
1234 1369 1369 1438 Dareioe,
1388 1366 1680 1440 riteaeulpo,·saaete
1693 1365 1837 1435 lllicboel,

135 1457 310 1526 conducere,
327 1457 401 1529 ipsis
420 1455 612 1512 internatibus
628 1454 766 1513 claustris
776 1454 856 1512 dicto
871 1454 959 1511 eitius
1012 1455 1235 1516 succurrere-ibi
1245 1466 1256 1514 t
1276 1462 1323 1513 ot:
1336 1456 1434 1522 Quare
1447 1455 1616 1513 raedornioe
1629 1454 1842 1526 derelequisti?

136 1546 256 1618 alluens,
272 1545 356 1615 cujus
366 1560 433 1600 rnox
445 1545 573 1601 debitam
586 1559 724 1616 penarum
736 1558 853 1601 causam
864 1542 959 1600 acturi
1013 1544 1415 1616 mettasaetpetuuomtee,
1432 1548 1553 1616 peccota
1564 1557 1640 1609 mea,
1654 1543 1779 1600 deutrus
1789 1542 1839 1600 ab·

136 1633 364 1691 introduxerunt
376 1633 403 1689 in
420 1632 545 1703 atomum,
564 1648 638 1703 quae,
651 1633 728 1689 sieut
742 1647 778 1689 cx
788 1632 876 1689 nimia
891 1630 1000 1722 cali-B
1016 1635 1139 1693 bassati
1151 1649 1196 1706 aa,
1214 1635 1436 1705 ODeus,quam
1447 1631 1841 1705 mapocsourjeetetotcot

136 1723 214 1793 ginis
224 1727 253 1778 et
267 1721 386 1778 fetentis
397 1722 466 1778 lurni
475 1722 621 1780 densitate
629 1719 901 1795 expressiuseolligi
911 1734 961 1791 po·
1017 1724 1161 1792 OSotaa,
1177 1736 1273 1795 quare
1293 1735 1352 1779 aare
1379 1721 1509 1780 dimittis
1533 1723 1597 1779 ruet
1609 1722 1677 1779 Noa
1690 1722 1718 1779 te
1732 1721 1843 1791 adore·

114 1835 121 1845 ·
136 1811 203 1881 tuit,
214 1813 302 1867 tantae
313 1809 520 1880 magnitudinis
532 1809 785 1867 immensacivitas
795 1810 857 1866 luit.
869 1810 961 1881 liuius
1015 1812 1075 1870 seio
1090 1812 1121 1868 et
1133 1812 1267 1885 egoquie
1282 1810 1419 1868 tuomaia
1434 1811 1503 1881 tois,
1515 1811 1568 1868 sed
1577 1810 1699 1868 Maniai
1704 1811 1843 1883 poeseos

137 1899 265 1972 parietes
276 1902 305 1955 ot
318 1898 431 1955 interna
443 1898 565 1955 munitio
574 1898 652 1956 velut
665 1899 756 1956 muris
765 1902 910 1968 extructa,
920 1899 962 1953 in·
1016 1901 1061 1958 est
1070 1902 1103 1958 ia
1117 1900 1185 1958 ceto
1201 1899 1229 1957 et
1242 1901 1276 1957 iet
1290 1900 1381 1969 terra,
1390 1899 1418 1956 et
1425 1901 1494 1971 ipsc
1506 1899 1839 1971 judicetiotermeette.

138 1989 231 2045 terius
247 1986 375 2058 undiquc
387 1987 659 2044 litterisvidebatur
671 1987 796 2061 depicta,
810 1987 962 2044 continens
1018 1988 1134 2055 Quodsi
1144 1989 1307 2059 iulienses,
1314 1987 1549 2060 abisuateapedi
1556 1989 1619 2047 tuit
1631 1988 1755 2047 Ostende
1764 1989 1842 2045 mibi

137 2092 151 2134 a
165 2076 309 2149 principio
319 2076 411 2133 totius
424 2075 521 2132 muudi
530 2081 659 2147 peecata,
673 2076 726 2132 nisi
737 2090 802 2146 quse
813 2090 884 2147 pura
895 2090 962 2131 con·
1008 2077 1223 2150 faetentium.
1236 2076 1608 2135 Plritraeatiristiltteraem
1621 2075 1843 2150 augetumoidi,·

137 2166 265 2223 iussione
276 2169 306 2222 et
323 2165 484 2237 penitentia
509 2169 576 2222 sunt
603 2165 736 2235 remissa,
753 2164 874 2235 quedam
891 2178 961 2221 vcro
1015 2165 1169 2224 ruentiriet
1180 2180 1239 2223 rtort
1252 2179 1282 2224 es
1297 2166 1431 2238 augelus.
1449 2166 1555 2238 ligate
1576 2164 1842 2239 recuperasse-dia-

137 2254 320 2324 conculcata,
337 2258 368 2310 ut
379 2253 535 2324 iterentur,
551 2252 645 2311 adhuc
657 2253 816 2309 viventium
827 2252 961 2308 servabat
1018 2254 1147 2314 balasco.
1164 2256 1235 2312 Scio
1251 2257 1326 2326 qaia
1337 2254 1628 2328 certesiensis
1637 2254 1778 2328 superbie
1789 2255 1841 2312 tua

137 2342 316 2400 memoriam.
332 2344 391 2399 ltuc
408 2339 837 2399 deductamaoimamdiabolus
848 2346 960 2412 tenens,
1017 2344 1120 2402 decedo
1134 2343 1368 2409 cecidisti.de
1377 2356 1445 2415 erpo
1454 2343 1624 2401 instaretis
1634 2343 1842 2414 tuissam,De

138 2429 215 2488 iilam
226 2429 360 2487 horribili
372 2430 458 2486 nimis
470 2431 598 2503 irnpulsu
610 2430 817 2502 cepitagitare,
827 2430 961 2500 tondere,
1016 2434 1094 2491 earini
1097 2432 1232 2506 potestas
1243 2432 1324 2490 estet
1342 2430 1682 2502 obtumesceret-aedi
1697 2431 1840 2502 diemibi,

137 2519 318 2592 gravissimis
327 2519 475 2591 virgarum
488 2518 581 2591 plagis
591 2519 738 2589 insistere,
750 2522 779 2574 et
793 2523 899 2591 preter
910 2517 964 2574 beo
1017 2519 1328 2595 quisestsroteruteus
1338 2521 1483 2591 titianeni
1493 2518 1634 2578 babesiet
1646 2535 1734 2592 quum
1747 2521 1842 2578 totius

138 2608 303 2680 appositum
316 2608 392 2677 ignis
404 2606 963 2676 tormentumcommrnitari,suasetiatn
1019 2611 1190 2668 seientiaeet
1202 2609 1347 2666 ursinariae
1371 2613 1418 2665 cst
1442 2608 1535 2666 aniana
1550 2612 1666 2666 terrena
1684 2610 1739 2667 hac
1772 2610 1843 2666 habi

135 2684 181 2751 'illi
193 2696 357 2770 improbare
372 2695 483 2767 culpas,
506 2700 719 2767 representans
746 2694 886 2766 quasdam
910 2708 967 2751 soe·
1018 2699 1130 2757 tatione
1146 2696 1251 2755 soluta.
1274 2697 1843 2770 Reminisccbaturenlrn,quiaetinten-

140 2784 224 2842 dulas
239 2790 268 2841 et
281 2783 493 2855 quaterniolos,
511 2798 584 2854 quos
607 2784 789 2853 negligenter
811 2788 840 2839 ct
855 2783 965 2854 absque
1020 2788 1084 2858 fuit,
1096 2787 1174 2859 quod
1191 2788 1282 2844 trater
1298 2786 1347 2844 ille
1361 2801 1464 2843 novem
1480 2787 1640 2844 transactis
1651 2786 1843 2857 dispescunt

140 2871 249 2946 prioris
259 2872 381 2930 licencia
395 2872 513 2945 proprio
526 2887 579 2929 usu
598 2872 794 2929 contrectavit
806 2872 962 2928 habendas.
1019 2877 1138 2951 expleto
1155 2876 1364 2933 rnatutinarunr
1379 2875 1474 2933 oilloio
1490 2875 1638 2948 paululum
1654 2891 1719 2934 cum
1735 2877 1844 2933 ceteris

139 2962 285 3032 Pluraque
299 2961 355 3019 alia
367 2961 527 3019 autoritate
545 2960 623 3018 illius
639 2975 670 3018 se
681 2960 840 3017 retinuisse
851 2960 879 3016 ln
893 2975 965 3032 pree·
1020 2980 1052 3022 se
1068 2965 1227 3022 reclinaret
1243 2965 1269 3020 in
1287 2963 1374 3035 lecto,
1392 2964 1477 3022 nobis
1504 2964 1705 3022 nescientibus
1729 2980 1788 3036 quo
1804 2965 1845 3021 in-

139 3049 805 3131 dictoparieteJuxtasignabatinseripta,que
817 3049 964 3106 fraterille
980 3014 1004 3077 C
1020 3054 1168 3111 llrmitatis
1190 3055 1302 3125 inorbo,
1320 3055 1370 3111 sed
1401 3069 1466 3111 earm
1484 3053 1623 3126 praesenti
1653 3053 1757 3111 mortis
1784 3068 1845 3111 suae

140 3139 168 3199 in
184 3140 368 3198 consessione
379 3153 532 3211 numquam
543 3139 638 3212 potuit
650 3138 829 3196 comminisci
841 3154 893 3211 pro
904 3139 964 3196 vita
1019 3140 1150 3214 periculo
1165 3141 1289 3198 emissus
1304 3141 1472 3198 atrati-ibus
1489 3141 1592 3198 luisset
1608 3154 1625 3196 e
1641 3140 1727 3211 lecto,
1738 3144 1768 3197 et
1780 3147 1846 3213 post

135 3244 201 3287 sua.
218 3230 275 3286 Pro
287 3228 394 3300 quibos
415 3243 481 3285 cum
496 3226 668 3300 multiplicia
689 3228 891 3298 infligerentur
906 3231 965 3284 tor·
1019 3229 1105 3288 unius
1120 3230 1199 3288 horae
1211 3229 1340 3302 spacium
1364 3229 1413 3286 vix
1433 3230 1594 3301 recepisset
1607 3229 1675 3285 vitae
1691 3229 1845 3300 spiritum:

140 3321 304 3374 mentorum
317 3317 443 3388 flagella,
459 3317 604 3374 consciam
616 3321 729 3373 tantum
743 3317 890 3374 fatebatur
903 3314 964 3373 cul·

142 3419 216 3478 pam,
235 3405 420 3477 divinamque
445 3405 652 3463 miserabiliter
667 3405 722 3462 sibi
739 3420 844 3476 rogans
860 3407 963 3463 subre-

139 3493 202 3550 nire
217 3492 410 3550 clementiam.
439 3493 554 3550 Sciebat
582 3494 657 3550 enim
673 3494 727 3550 hoc
753 3508 784 3550 se
799 3511 806 3565 q
821 3493 961 3551 rourercri

139 3587 240 3639 reatus
255 3581 299 3639 sui
311 3581 498 3653 erigentibus
513 3581 618 3654 culpis,
634 3597 667 3639 ac
679 3584 799 3654 propter
810 3582 862 3639 hcc
879 3597 964 3654 auge-

139 3668 205 3727 licae
220 3671 385 3743 praesentiae
399 3669 508 3728 auxilio
524 3685 555 3728 se
572 3671 703 3740 destitui,
716 3669 866 3743 solamque
877 3672 964 3728 relin-

141 3758 200 3828 qui.
218 3757 269 3815 llle
285 3773 353 3815 nero
368 3758 493 3831 amplius
510 3758 671 3816 insultabat
685 3759 797 3831 dicens,
809 3758 963 3831 illamjure

139 3846 272 3905 humanae
288 3847 399 3906 militiae
416 3862 496 3906 suani
509 3846 616 3904 debere
628 3847 701 3918 lieri,
714 3848 828 3920 sibique
840 3849 961 3921 seruire,

140 3950 193 3992 nec
206 3935 303 4007 aliquo
319 3937 404 3994 modo
419 3937 456 3994 ab
468 3935 559 3993 illatis
570 3951 657 4009 posse
667 3937 820 3994 tormentis
831 3937 961 4008 libcrari,

104 4020 106 4027 ⁴
139 4025 194 4082 uisi
212 4025 359 4097 adoraret,
377 4041 391 4082 a
408 4041 465 4098 qno
482 4041 539 4082 non
554 4025 675 4083 baberet
688 4025 716 4081 in
731 4031 902 4100 perpetuum
919 4042 964 4084 se·

141 4114 246 4187 parari.
261 4114 311 4173 Cui
324 4120 443 4173 econtra
469 4114 564 4172 anima
575 4113 777 4172 illatnmeosae
787 4116 964 4173 bciclemcn·

140 4202 189 4261 tiae
200 4203 334 4262 recolens
347 4209 539 4276 sacramenta,
557 4218 609 4276 spe
624 4204 747 4275 quadam
759 4210 788 4261 ct
808 4204 964 4262 credulita·

1019 3318 1082 3389 ejus
1095 3318 1257 3375 subitanee
1269 3317 1354 3374 nrortl
1367 3332 1402 3374 eo
1412 3315 1847 3388 anpttnsoondolens‚nortlte

1019 3420 1066 3464 ras
1082 3407 1174 3464 bostis
1202 3406 1326 3463 insidias
1342 3406 1540 3478 exprobrabat
1557 3405 1680 3464 dicens:
1697 3406 1843 3475 OSatea,

1017 3495 1118 3554 amaia
1129 3495 1228 3553 trabis
1239 3494 1280 3551 od
1294 3496 1331 3552 te.
1349 3494 1446 3560 Quare
1462 3494 1602 3568 decepisti
1612 3493 1718 3551 ilberti
1739 3495 1779 3552 Ia
1793 3494 1847 3552 boe

1018 3584 1048 3642 et
1060 3584 1094 3641 ta
1103 3583 1252 3654 meotiris,
1268 3584 1343 3654 qaia
1356 3596 1460 3641 serare
1475 3583 1544 3641 tuus
1553 3597 1612 3641 aare
1625 3582 1702 3655 erit,·
1713 3595 1848 3642 mansue

1018 3673 1066 3730 tue
1080 3673 1124 3731 est
1135 3673 1263 3730 multem
1278 3674 1308 3730 et
1327 3672 1462 3744 demitis,
1480 3673 1511 3731 et
1520 3686 1638 3745 reagere
1651 3685 1725 3744 erga
1749 3687 1847 3731 martes

1017 3760 1192 3819 obedientie
1203 3761 1233 3818 et
1243 3762 1380 3834 pietatis,
1397 3775 1433 3819 ae
1439 3775 1494 3834 per
1505 3760 1559 3820 boe
1572 3761 1758 3819 cetoertetur
1767 3762 1847 3818 etoi-

1017 3850 1120 3921 aet,·et
1131 3851 1206 3922 quio
1220 3849 1324 3907 aetius
1339 3851 1383 3908 est
1396 3849 1607 3909 misericordie
1623 3851 1680 3908 Dei
1688 3851 1778 3923 Jtais,
1793 3851 1847 3923 qui

1016 3951 1076 3996 aare
1088 3939 1273 3996 mortemced
1291 3938 1492 4012 poeaitentiam
1506 3937 1845 4012 desiderotpeoeatoria,

1018 4028 1086 4086 tuos
1097 4042 1157 4086 aaa
1167 4027 1612 4098 erit,sedeoarertetcretaioet.
1622 4027 1847 4100 Osroterecoe,

1017 4117 1201 4190 eooesrater
1213 4117 1347 4176 irtsidios
1362 4118 1438 4189 ejas,
1454 4130 1491 4175 ae
1505 4116 1637 4190 decipiat
1652 4117 1688 4174 te.
1703 4117 1850 4177 sulcator

1017 4206 1132 4275 maadi,
1148 4219 1289 4263 saroterre
1303 4205 1391 4275 ouidi,
1406 4205 1519 4263 Sancte
1531 4204 1675 4276 Mirboel,
1691 4219 1790 4278 quare
1803 4205 1850 4264 de·

139 4290 179 4348 tis
207 4291 383 4349 contuentia
415 4293 536 4363 conlisa,
562 4298 648 4364 sputa
676 4293 703 4348 in
733 4293 834 4350 facicm
864 4293 962 4364 dabat,
1018 4293 1850 4366 reliquistirreeiPatersartcte,mismieardiomlltorai·

142 4377 226 4434 simul
237 4384 267 4434 et
278 4379 430 4436 inhonesta
451 4384 540 4450 prout
556 4379 661 4449 dignus
671 4382 715 4436 est
727 4379 901 4452 improperia
914 4380 965 4437 inr-
978 4375 1005 4437 D
1020 4397 1065 4454 ae,
1075 4383 1175 4453 ardeo,
1186 4383 1288 4443 ordeo.
1301 4383 1487 4456 (ibaturque
1495 4383 1623 4456 quidue
1632 4384 1694 4442 mitt
1702 4383 1752 4441 die
1755 4385 1851 4457 puetis

143 4480 278 4538 precans,
296 4467 420 4537 singulis
438 4467 517 4524 illias
532 4468 690 4526 verbissua
702 4468 815 4539 singula
827 4468 962 4542 reddens,
1021 4474 1050 4530 et
1055 4474 1232 4545 punisillec
1242 4479 1271 4529 et
1288 4472 1343 4529 alin
1363 4473 1447 4545 plura
1463 4472 1508 4529 luis
1525 4471 1631 4529 similia
1643 4487 1708 4544 quas
1728 4477 1851 4545 propter

142 4552 197 4610 boe
209 4553 274 4626 ipso
287 4569 421 4611 sermone
432 4555 550 4613 dicebat
562 4575 568 4611 ε
582 4557 624 4614 Tre
633 4557 712 4614 errim
724 4556 966 4631 brtcssoperbte
1021 4562 1272 4634 importunitatem
1281 4560 1680 4633 multiplicitatislectoribus
1690 4576 1764 4618 nova
1774 4575 1852 4632 quac·

142 4643 171 4699 et
178 4643 360 4715 perditionis
369 4644 505 4715 spiritus,
513 4647 567 4717 quei
578 4645 828 4718 decepistilioart,
837 4647 870 4704 tar
872 4647 966 4719 secis-
1021 4664 1078 4722 que
1095 4649 1316 4707 fastidientibus
1341 4650 1436 4708 rninus
1451 4665 1613 4720 congruunt
1638 4648 1774 4721 ingerere
1789 4647 1851 4706 vili-

142 4732 967 4808 tiaeuttorrtolo,qaepertebamareopetere'saotib'ata;

142 4820 347 4893 teaoaadora,
370 4823 445 4895 quia
457 4824 488 4879 ta
499 4822 737 4896 esserretlatro;
755 4823 840 4881 ruodo
853 4824 968 4882 mertam

140 4911 313 4980 musteum
323 4911 414 4970 babes
424 4912 458 4969 iu
466 4926 522 4981 nee,
535 4913 563 4970 et
573 4912 651 4971 barae
660 4926 717 4969 aare
726 4912 850 4972 deberes
859 4915 920 4972 uisi
932 4915 968 4971 tt-

142 4995 172 5053 bt
184 4998 515 5074 dataseiesetdesoper.
536 5001 615 5059 Deus
630 5001 775 5074 estsortis
785 5003 815 5059 et
817 5003 923 5074 poteras
941 5001 969 5059 et

140 5083 290 5144 iormeose
298 5089 521 5160 misericordie,
529 5089 559 5146 et
567 5089 666 5161 ipsam
679 5093 733 5163 qai
742 5105 796 5162 pro
807 5104 968 5166 raepaseue

107 5240 114 5255 ἱ
134 5173 971 5254 suitadoro.OdoutiaeDeasrteas,querearedereliquit.

141 5260 184 5319 tet
197 5261 391 5336 defraudasti
399 5279 446 5322 ree
455 5266 484 5323 et
493 5267 603 5325 creasti
613 5281 672 5340 aaa·
682 5266 779 5327 multe
788 5269 967 5340 eaatpecea-

144 5349 258 5422 tornee,
270 5353 404 5425 Duriae,
421 5368 487 5414 mea
500 5356 597 5430 σπῖρα.
625 5357 677 5415 Cui
692 5362 811 5416 econtra
832 5357 967 5418 diabolus

142 5439 341 5516 respondebat
353 5443 434 5505 :Noa
444 5444 503 5505 erit
511 5446 677 5519 rte-mma
687 5448 969 5524 eaemsesseeluir·

1023 4738 1185 4812 pendimus.
1201 4741 1270 4797 Cium
1288 4740 1430 4812 ejusnrodi
1442 4738 1649 4798 contabulatas
1673 4739 1852 4796 altrinsecus

1023 4827 1198 4899 infatigabili
1210 4818 1739 4887 altercationeconserereotauimact
1752 4827 1853 4885 diabo-

1023 4915 1079 4988 lus,
1092 4922 1324 4990 consumptaque
1336 4917 1436 4988 flagris
1451 4932 1516 4975 euru
1539 4917 1596 4987 jein
1618 4931 1691 4990 pene
1702 4915 1852 4974 seviciam

1025 5008 1055 5061 ut
1082 5018 1147 5061 curn
1172 5006 1309 5062 adoraret
1333 5005 1531 5078 profiteretur,
1549 5020 1634 5077 quani
1651 5020 1707 5061 non
1723 5005 1853 5077 impetus

1024 5093 1101 5162 ignis
1115 5092 1246 5152 ardentis
1262 5099 1291 5150 ot
1308 5094 1461 5152 lucontisa
1477 5093 1563 5164 longe
1581 5095 1616 5152 ad
1632 5093 1697 5164 ojus
1712 5093 1853 5151 auxilium

1024 5180 1145 5239 verdone
1160 5183 1239 5256 cepit
1254 5198 1425 5255 consparsio
1441 5183 1573 5254 angelus,
1590 5183 1674 5253 cuijus
1691 5182 1855 5255 placidissi-

1025 5284 1078 5327 mae
1093 5272 1258 5345 praesentiae
1273 5271 1377 5343 gratie
1397 5272 1557 5346 resumptis
1573 5271 1686 5329 uiribus
1711 5271 1854 5328 conuiciis

1024 5361 1150 5435 amplius
1175 5360 1345 5434 insistebat,
1371 5361 1491 5437 perfidis
1508 5360 1617 5420 inimici
1647 5361 1855 5435 prmsuurptio-

1026 5450 1113 5510 nibus
1128 5452 1270 5511 resistens
1285 5456 1315 5510 et
1330 5452 1450 5511 dicens:
1469 5454 1491 5511 O
1510 5452 1611 5512 Satara
1621 5451 1733 5523 Sotae,
1756 5450 1855 5510 uiridia
