3788 5992
53 231 114 296 aaa
464 305 467 309 ,
678 231 924 323 ennomqon.
941 232 1072 298 -nna
1093 228 1132 297 n.
1698 237 1757 301 aaa

55 369 145 427 xibus
159 367 306 440 absoluta,
319 368 354 426 ad
365 367 436 425 illud
447 368 579 441 pervenit
591 373 733 426 eternum
743 368 821 440 quod
832 374 876 426 cst
893 371 1041 437 Asanctae
1055 370 1151 427 llariae
1166 374 1286 427 sanctus
1302 370 1465 441 requiescit
1475 372 1650 444 lladelveus,
1661 376 1697 433 ab
1708 389 1755 433 eo·

57 473 146 516 unum
161 463 191 515 et
205 457 401 529 inseparabile
415 458 534 515 trinum.
548 459 656 515 Oculos
669 459 761 530 patris
772 457 879 516 clausit
935 458 999 514 dem
1011 463 1094 531 patre
1107 463 1206 516 nostro
1219 459 1575 531 ibidemtranspnsitus,ct
1585 469 1755 521 reverenter

56 547 880 620 episcopumpolinctoresluneris(tlb)lticbardus,0dy-
934 547 1105 605 tumulatus.
1123 550 1247 606 Peracto
1263 564 1332 605 vero
1348 548 1508 621 sepulturae
1523 550 1626 621 obicio,
1646 551 1693 607 nbi
1719 553 1755 609 ab

57 636 172 705 lardus,
189 637 354 708 Stepbanns
367 641 397 692 ει
411 636 602 693 walerannus
616 638 738 693 abbates
750 638 879 694 luerunt.
935 634 1001 692 aliis
1015 637 1175 694 discessum
1191 642 1245 708 cst,
1263 637 1298 694 ad
1314 637 1543 710 componendum
1560 638 1615 717 viri
1641 641 1691 704 bei
1716 639 1763 721 lc..
1850 675 1854 683 ·

58 724 117 797 {psi
134 739 244 796 corpus
258 725 474 782 sanctissimum
491 730 733 797 procuraverunt,
747 726 881 783 vestibus
936 729 1015 780 ctum
1032 726 1175 782 unanimis
1189 740 1220 783 se
1237 725 1361 783 liliorum
1377 725 1511 783 accendit
1528 726 1653 785 devotio.
1672 728 1760 796 Quat·

57 813 186 870 sacratis
207 829 245 869 ex
267 800 346 871 more
372 814 468 871 induit
489 815 657 887 episcopus,
694 816 800 887 quibus
833 814 882 871 ille
938 812 1757 887 tuorcolumpnaemarmoreaeooopercrrloscpnlcbrice·

58 901 152 959 voluit
167 907 198 958 et
212 904 364 975 praecepit,
382 905 431 974 qui
446 904 512 960 vitia
529 919 643 976 queque
658 904 818 975 delegerat,
832 903 882 960 scd
937 907 1034 958 mento
1051 903 1127 959 lacto
1142 919 1177 960 ex
1192 905 1293 960 eodem
1311 918 1454 960 marmore
1476 911 1683 976 conectuntur,
1709 907 1755 963 his

58 1006 134 1061 quas
149 992 364 1049 dictavitamor
376 996 555 1064 paternuset
568 993 686 1050 devotio
702 993 884 1050 sanctissima
941 990 1067 1061 desuper
1083 991 1182 1049 tabula
1197 1007 1357 1049 marmorea
1373 993 1556 1063 praegrandis
1572 993 1636 1066 ipso
1655 993 1758 1052 codem

58 1085 87 1135 et
103 1079 204 1136 debita
221 1082 305 1152 (ill).
323 1081 474 1152 Reliquiae,
492 1097 565 1154 quas
581 1097 670 1153 super
683 1085 785 1153 pectus
801 1096 885 1138 suurn
940 1084 1073 1136 cemento
1088 1081 1266 1152 adjungitur,
1283 1084 1311 1137 et
1324 1081 1365 1137 sic
1377 1081 1504 1151 desuper
1514 1082 1691 1154 cooperculo
1704 1098 1761 1139 ma-

60 1168 126 1240 ipse
140 1170 337 1240 commiserat,
357 1169 459 1228 induto
475 1185 508 1226 eo
524 1172 616 1227 sacris
632 1172 774 1241 vestibus,
797 1185 884 1243 supra
941 1168 1028 1224 ceriae
1043 1168 1224 1240 aliquantum
1238 1170 1430 1240 construitur,
1445 1175 1473 1225 et
1491 1169 1585 1227 solido
1607 1171 1758 1228 bituminis

59 1263 166 1329 peetus
181 1258 245 1328 cius
261 1260 400 1331 repositae
416 1264 493 1316 sunt.
511 1260 624 1316 Elatum
639 1275 710 1332 ergo
721 1262 807 1318 lunus
821 1261 886 1317 bea·
940 1257 1067 1326 gluttine
1082 1257 1234 1316 solidatur.
1250 1259 1365 1316 Tabulae
1380 1274 1450 1316 vero
1466 1259 1494 1315 in
1509 1259 1600 1317 altum
1614 1265 1758 1333 porrectae

58 1345 208 1403 tissimum
225 1347 416 1418 bajulantium
432 1349 575 1419 inanibus,
597 1364 662 1406 cum
685 1350 723 1405 ob
747 1350 886 1422 impetum
942 1344 1063 1402 linteum
1075 1346 1242 1418 imponitur,
1253 1351 1282 1404 el
1293 1349 1320 1403 ei
1332 1346 1451 1419 pallium
1464 1348 1684 1420 superadditum
1696 1353 1760 1417 est3

58 1434 160 1507 populi
173 1436 360 1493 occurrentis
370 1440 398 1492 et
411 1437 576 1508 plangentis
587 1439 725 1495 obserata
737 1443 815 1495 esset
832 1455 887 1496 aec·
942 1438 973 1492 ut
989 1437 1103 1492 cunctis
1112 1436 1301 1494 cernentibus
1311 1441 1447 1508 patenter
1458 1438 1545 1493 detur
1558 1437 1681 1509 intelligi
1694 1453 1759 1494 euin

57 1521 160 1594 clesia,
174 1529 242 1579 ante
253 1523 346 1581 altare
358 1525 452 1581 sancti
464 1526 730 1598 Petripositnmest
745 1528 808 1584 :ubi
821 1528 887 1585 mis·
942 1526 1038 1596 magni
1054 1541 1118 1583 esse
1135 1527 1241 1598 meriti,
1257 1527 1342 1596 cujns
1356 1542 1464 1599 corpus
1483 1527 1524 1583 sic
1549 1527 1708 1585 honoratur
1732 1529 1760 1585 in
1825 1565 1831 1576 ·

59 1625 88 1666 sa
104 1625 120 1667 a
138 1613 281 1683 pontilice
292 1614 451 1683 celebrata,
470 1614 596 1671 tamdem
610 1620 703 1687 portae
716 1617 885 1674 monasterii
940 1615 1038 1671 terrie.
1057 1617 1091 1671 Et
1107 1616 1220 1673 merito.
1238 1615 1319 1682 Quod
1330 1617 1406 1672 enim
1419 1617 1472 1673 luit
1483 1616 1546 1686 ejus
1559 1617 1587 1672 in
1598 1617 1687 1674 terris
1699 1622 1760 1674 stu·

59 1706 172 1773 apertae
189 1707 268 1773 sunt,
285 1709 314 1760 et
330 1719 399 1760 ecce
411 1705 536 1778 populus
546 1705 767 1763 innumerabilis
779 1706 886 1764 utrius·
902 1687 926 1752 Β
941 1702 1030 1774 dium,
1046 1705 1099 1761 nisi
1116 1706 1204 1760 licum
1220 1704 1353 1775 diligere,
1369 1709 1396 1761 et
1413 1705 1603 1775 sanetoseJ'us
1614 1708 1763 1791 venerari,

59 1805 116 1862 que
130 1805 223 1848 sexus
237 1796 267 1848 et
283 1793 396 1850 ordinis
411 1794 495 1852 irruit
511 1810 576 1851 cum
589 1794 717 1852 lacrimis
728 1799 757 1851 et
770 1795 883 1854 ululatu
938 1793 1139 1851 etaeeclesiam
1152 1794 1200 1851 liei
1210 1809 1315 1851 ornare
1327 1794 1764 1866 decorecompuentisrtecmi-

58 1878 170 1936 cordis.
189 1879 260 1951 (Fol.
276 1884 333 1953 93.)
351 1881 438 1939 Plena
454 1890 519 1940 erat
533 1882 665 1940 aecclesia
685 1884 883 1957 lacrimarum,
941 1897 1003 1939 rum
1015 1882 1038 1939 si
1055 1897 1070 1938 a
1087 1881 1156 1939 tiliis
1167 1883 1343 1954 propensius
1353 1883 1523 1954 bonoratur,
1536 1898 1609 1955 quos
1619 1883 1705 1942 scivit
1717 1899 1761 1941 re·

59 1983 161 2027 omnes
176 1969 206 2025 in
221 1985 373 2029 commune
390 1973 429 2044 pii
445 1973 537 2045 patris
551 1972 697 2030 deflebant
713 1974 834 2044 obitum,
852 1989 885 2030 ac
939 1986 1019 2043 gere,
1031 1976 1059 2028 et
1073 1986 1173 2042 regere
1183 1971 1341 2029 secundnm
1353 1971 1762 2044 nostramdisciplinam,qnae

61 2059 85 2114 si
100 2057 240 2116 viderent
255 2059 405 2118 imminere
422 2061 572 2120 interitum
589 2063 700 2135 patriae.
720 2063 742 2120 0
759 2069 886 2136 quantus
941 2076 977 2117 ex
989 2061 1154 2118 Christiana
1167 2061 1231 2131 lege
1242 2061 1407 2131 descendit,
1418 2065 1446 2117 et
1460 2060 1494 2118 ad
1508 2063 1596 2117 licum
1608 2061 1698 2118 ducit.
1710 2063 1764 2118 ilc·

62 2146 163 2205 luctus
178 2149 325 2206 omniurn!
342 2154 449 2221 quanta
465 2156 536 2208 totae
551 2153 617 2207 urni
633 2152 762 2209 mestitia
777 2155 783 2209 l
800 2167 886 2224 quam
942 2150 1054 2221 quievit
1065 2155 1162 2207 autem
1177 2150 1223 2207 bic
1237 2155 1318 2222 pater
1329 2155 1429 2207 noster
1440 2165 1465 2206 a.
1479 2151 1515 2207 ab
1527 2150 1666 2207 incllom.
1682 2154 1760 2222 lbtd,

61 2235 105 2308 pia
122 2240 191 2293 erat
208 2239 243 2294 dc
259 2239 322 2311 ejus
335 2240 417 2297 obitu
432 2242 618 2314 compassio!
636 2248 743 2314 quanta
759 2243 886 2299 omnium
943 2240 1093 2310 regiminis
1113 2239 1157 2296 sui
1182 2254 1257 2296 anno
1280 2240 1324 2311 ta,
1351 2244 1492 2310 regnante
1517 2239 1605 2295 terris
1626 2238 1763 2298 lleinrieo

62 2325 243 2384 destitutio!
260 2329 298 2385 Ea
310 2326 372 2385 dies
388 2334 449 2387 tota
467 2332 520 2391 luit
531 2333 702 2403 gemituum,
716 2337 777 2389 tota
790 2333 887 2405 planc-
944 2327 1068 2384 conradi
1083 2328 1153 2384 lilio.
1171 2328 1338 2399 supervixit
1354 2328 1589 2400 veroepiscopns
1600 2327 1764 2385 aichardus

60 2415 220 2481 mamona
232 2416 508 2491 advesperascente,
522 2435 631 2492 corpus
641 2421 841 2479 beatissimum
851 2422 887 2478 ad
944 2432 1034 2489 usque
1048 2417 1083 2474 ad
1098 2417 1455 2486 menscmb'onembrinm,
1471 2421 1501 2472 ει
1516 2417 1588 2473 obiit
1601 2422 1617 2474 8
1628 2417 1696 2474 ldus
1709 2418 1762 2473 No

60 2505 256 2578 principalem
267 2508 548 2568 acetcstamsanctae
557 2512 674 2570 blariaca
688 2512 828 2568 tratribus
840 2512 889 2568 de·
944 2508 1049 2577 vemb,
1062 2506 1211 2578 sicutipse
1224 2521 1238 2561 a
1250 2512 1333 2577 patre
1344 2520 1397 2561 suo
1409 2505 1568 2576 quesierat,
1581 2519 1646 2562 cum
1658 2505 1684 2560 ei
1694 2520 1761 2562 ocu·

63 2592 166 2667 bium,
175 2595 286 2653 debitis
297 2598 462 2669 vigiliarum
474 2603 501 2657 et
518 2600 889 2673 psalmodiaeodlciisnocte
944 2596 988 2652 los
998 2595 1149 2653 clauderet
1161 2595 1302 2667 (lta).St,
1316 2594 1761 2666 inquibputerudlieumcadia,

63 2682 124 2756 ipsa
141 2685 181 2740 ab
195 2687 420 2745 excubitoribus
436 2689 611 2746 bonoratnm
627 2696 683 2747 est.
706 2693 735 2747 ln
758 2691 888 2749 crastino
943 2684 1763 2758 etciplucctobacqntumquoetaerotsti,obtineatununs

63 2772 153 2829 missa
164 2772 358 2847 solempniter
368 2776 516 2834 celebrata
525 2779 705 2849 academicis,
714 2794 766 2851 per
778 2779 889 2851 reliqua
944 2791 1056 2834 oneum
1070 2790 1128 2832 uon
1137 2775 1193 2832 tibi
1202 2775 1389 2847 supervivunt
1398 2775 1432 2832 ia
1441 2774 1494 2831 boc
1504 2775 1610 2844 accub,
1623 2775 1698 2845 quic
1707 2772 1763 2832 aaut

63 2860 146 2918 urbis
162 2865 341 2921 monasteria
358 2865 544 2938 deportatum
560 2872 617 2938 est,
635 2872 665 2925 et
677 2867 783 2938 vigiliis
799 2868 888 2925 missa
943 2864 1423 2936 commoriquumoicercproeopto.
1433 2863 1561 2933 Dixerat,
1570 2867 1598 2918 et
1607 2862 1764 2919 exauditus

61 2963 185 3022 rumque
192 2950 886 3028 solempniisdebitaofficiositatepercelebratis,
944 2960 998 3026 est,
1012 2954 1189 3025 additusque
1201 2953 1333 3026 patribus
1344 2952 1415 3009 suis.
1430 2952 1517 3021 Cujus
1527 2965 1766 3024 corpuscnmpa-

62 3035 180 3095 taudem
195 3037 232 3095 ad
250 3043 458 3100 monasterium
473 3058 556 3101 suum
572 3045 696 3102 relatum
708 3049 762 3116 est,
778 3049 808 3101 et
820 3044 888 3101 llliis
903 3004 926 3070 C
945 3049 1044 3101 rentes
1056 3045 1139 3115 juxta
1156 3058 1265 3114 corpus
1279 3042 1333 3097 viri
1346 3041 1395 3097 bei
1412 3040 1529 3112 sepeliri
1541 3040 1763 3111 mandassenl,a

60 3123 234 3184 dolentibus
245 3133 275 3184 et
286 3128 322 3186 de
334 3135 426 3188 morte
437 3131 501 3202 cius
511 3134 693 3191 merentibus
705 3135 885 3191 restitutum.
943 3133 1091 3191 canonicis
1107 3133 1134 3190 vi
1147 3135 1302 3202 retentum,
1316 3135 1345 3187 et
1358 3130 1385 3186 in
1397 3129 1528 3187 aecclesia
1540 3134 1649 3187 saneim
1668 3129 1764 3186 llariae

59 3212 143 3271 lenit
160 3229 232 3287 ergo
249 3217 312 3275 dies
328 3221 466 3292 crastina,
484 3224 512 3278 ει
529 3236 596 3279 ecce
618 3224 677 3279 lere
693 3224 772 3279 circa
788 3223 888 3281 boram
944 3223 1062 3294 majoris
1077 3222 1224 3294 sepultum
1241 3226 1297 3277 cst.
1314 3221 1435 3292 (ebron.
1460 3220 1542 3289 Dio.)
1557 3217 1664 3274 Eodem
1689 3232 1769 3275 anno·

63 3304 184 3362 terciam
201 3312 379 3378 congregata
394 3315 439 3367 est
453 3315 514 3368 tota
526 3311 630 3369 civitas
641 3311 677 3369 ad
689 3312 888 3384 sepeliendum
943 3310 1097 3367 ordinatus
1112 3314 1156 3366 est
1170 3307 1355 3379 lugdunensi
1371 3306 1504 3363 ecclesie
1528 3305 1765 3378 archiepiscopus

64 3391 157 3451 illum.
173 3395 289 3453 llissam
306 3398 467 3457 celebravit
484 3401 651 3474 episeopus,
665 3415 889 3473 sermonemque
944 3399 1068 3456 domnus
1082 3398 1267 3454 ilalinardus.
1280 3397 1386 3454 Eodem
1398 3409 1512 3467 quoqne
1524 3409 1598 3452 anno
1610 3394 1763 3452 Heinricus

64 3482 167 3560 babuit
184 3484 221 3541 ad
237 3487 375 3558 populum
392 3489 428 3545 de
445 3490 642 3547 mutabilitate
657 3491 726 3548 vitae
741 3491 838 3561 buius,
860 3496 888 3548 et
944 3491 1061 3545 Romam
1073 3489 1135 3559 ivit,
1149 3490 1178 3544 et
1190 3486 1315 3544 concilio
1327 3486 1428 3543 babilo
1439 3485 1620 3556 adjectisnnt
1630 3498 1766 3557 pervaso·

66 3572 659 3649 qualitcrinbaneplorationiseonuallem
669 3581 889 3649 devenerimus;
945 3593 992 3635 res
1008 3579 1144 3635 Romane
1155 3577 1309 3647 aecclesiae,
1318 3576 1474 3645 lebannes,
1488 3572 1661 3631 Benedictus
1671 3578 1701 3630 ει
1713 3574 1766 3631 Sil-

67 3662 131 3734 qnis
145 3662 187 3720 sit
199 3662 265 3720 linis
277 3665 427 3738 bonorum,
442 3669 543 3738 quisve
554 3670 712 3734 malorum;
725 3683 789 3741 quae
802 3669 888 3726 luerit
944 3673 1043 3725 vester
1057 3685 1064 3733 ;
1077 3673 1106 3724 et
1115 3666 1268 3725 ordinatus
1279 3671 1325 3722 est
1337 3665 1468 3722 Clemens
1480 3679 1563 3736 papa,
1576 3678 1591 3719 a
1604 3664 1765 3737 qnoetipse

65 3751 160 3822 patris
176 3752 247 3824 uita,
260 3768 340 3810 mors
351 3769 436 3826 quam
448 3757 590 3829 preciosa.
604 3759 675 3814 Hinc
686 3757 889 3831 percelebrato
945 3772 1081 3815 coronam
1098 3756 1226 3829 suscepit
1244 3755 1368 3828 imperii.
1386 3755 1419 3810 Et
1434 3755 1536 3810 eodem
1546 3757 1622 3810 annd
1631 3755 1765 3810 Clemens

65 3839 173 3911 olllcio,
183 3839 467 3902 dictisorationibus
477 3846 684 3919 solempnibus,
694 3846 833 3905 adlocum
846 3862 891 3904 se·
944 3847 1028 3919 obiit,
1044 3850 1073 3902 et
1089 3848 1230 3903 Damasus
1255 3844 1409 3903 suecessit.
1429 3843 1566 3914 llcgimcn
1579 3842 1767 3914 quaquellir·

64 3928 194 3998 pulturae
212 3929 284 3987 itum
300 3936 355 3988 est.
372 3933 406 3988 Ει
423 3934 492 3992 licet
506 3935 579 3992 solis
594 3937 785 4006 exequiarum
808 3936 890 3993 mini·
944 3936 1083 3993 dunensis
1097 3934 1222 3992 coenobii
1239 3932 1427 3989 Walerannus
1438 3932 1580 4004 suscepit,
1590 3931 1709 3989 bernoin
1720 3946 1766 3989 se·

63 4017 133 4074 stris
148 4023 180 4075 et
195 4018 302 4090 bajulis
317 4021 427 4080 lunaris
441 4038 507 4081 cnm
523 4025 569 4082 bis
588 4025 636 4096 qui
662 4026 754 4083 otlleia
781 4026 890 4083 dabant
943 4025 1010 4083 culo
1025 4023 1234 4092 nobilissimus,
1252 4021 1385 4079 Gelduini
1401 4021 1517 4078 comitis
1539 4020 1637 4088 sillus3
1661 4020 1710 4091 qui
1736 4020 1764 4077 in

63 4106 238 4176 permissum
249 4110 289 4165 sit
301 4110 425 4184 ingredi,
435 4113 543 4170 ceteris
554 4114 629 4171 intra
637 4114 776 4184 majorem
786 4114 888 4172 aeccle·
945 4113 1022 4171 bello
1034 4112 1111 4186 apud
1121 4115 1175 4169 Bar
1187 4116 1316 4169 castrum
1328 4110 1356 4165 in
1368 4108 1504 4180 geniculo
1512 4107 1767 4166 vulneratnsclan-

64 4193 135 4253 siam
143 4198 281 4268 retentis,
292 4202 374 4256 tanta
386 4204 482 4257 tamen
493 4202 780 4274 luitobscquentium
792 4203 888 4260 multi·
944 4202 1069 4260 dicabat.
1084 4202 1172 4272 Cuius
1184 4201 1275 4258 trater
1287 4196 1767 4270 luitlingoLiuguonensisepisco·

63 4282 146 4355 tudo,
159 4290 193 4342 nt
203 4286 358 4359 fenestras,
370 4291 478 4361 quibus
492 4290 589 4349 lumen
606 4293 710 4365 criptae
720 4293 889 4352 infundeba·
905 4319 931 4386 D
946 4308 1010 4366 pus,
1028 4295 1130 4365 postea
1146 4305 1161 4347 a
1178 4289 1382 4354 sanctobeone
1393 4288 1438 4359 rx,
1452 4286 1479 4342 in
1491 4285 1627 4343 ilemeusi
1642 4285 1766 4343 concilio

66 4375 173 4445 tnr,ob
185 4378 383 4448 captationem
395 4381 472 4437 aeris
483 4381 890 4455 aulerriuecessitasimpule-
945 4381 1109 4455 depositus.
1126 4380 1332 4453 Episcopatum
1349 4382 1445 4434 autem
1456 4376 1668 4433 virdunensem
1679 4375 1768 4432 Tbeo·

66 4462 112 4518 rit.
129 4462 275 4522 vincebat
291 4465 367 4524 diem
392 4467 532 4527 luminum
557 4471 724 4544 multitudo,
743 4476 772 4528 et
793 4473 889 4530 tumus
948 4468 1066 4526 doricus
1082 4468 1222 4539 suscepit,
1239 4463 1402 4522 wezelonis
1424 4463 1539 4521 comitis
1562 4462 1659 4531 lilius;
1683 4461 1768 4534 cujus

67 4549 177 4609 incensi
191 4558 224 4611 ct
239 4554 426 4614 thimiamatis
437 4561 528 4615 totam
540 4558 706 4632 repleverat
716 4560 888 4619 aecclesiam.
947 4559 1040 4631 primo
1057 4555 1274 4615 benedictionis
1284 4569 1359 4612 anno
1371 4553 1511 4626 templum
1523 4558 1633 4610 sanctas
1644 4552 1768 4610 itariae

66 4639 154 4698 Tanta
165 4646 232 4699 erat
241 4643 369 4700 omnium
380 4659 448 4716 erga
460 4647 741 4720 patrissepulturam
753 4648 888 4706 devotio!
946 4647 1019 4705 duce
1031 4646 1187 4705 Godelrido
1198 4647 1226 4703 et
1243 4643 1385 4702 Baldnino
1397 4646 1621 4702 succensnmest
1632 4641 1692 4714 (iol.
1701 4638 1766 4712 93'),

67 4729 191 4789 liumato
207 4731 307 4804 itaque
321 4733 469 4791 mitissimi
486 4735 541 4791 viri
552 4750 686 4809 corpore,
700 4739 831 4796 clausum
842 4742 888 4795 est
944 4751 1012 4794 vasa
1028 4750 1111 4793 sacra
1127 4734 1234 4805 ablata,
1250 4732 1415 4803 civitasque
1432 4731 1584 4789 destructa
1595 4734 1612 4788 8
1623 4729 1683 4787 llal.
1696 4729 1765 4785 Nou.

63 4819 243 4893 sepulcrum,
259 4827 290 4878 et
307 4822 403 4879 solido
416 4829 551 4881 cemento
564 4840 615 4898 per
623 4828 779 4898 juncturas
792 4828 885 4887 litum.
981 4826 1084 4900 (toti.)
1101 4825 1222 4893 Quantae
1237 4838 1307 4880 vero
1322 4820 1399 4896 apud
1415 4821 1495 4879 iltius
1510 4819 1563 4877 aevi
1579 4819 1710 4876 homines
1722 4816 1768 4875 bic

60 4906 357 4980 ltesquiescitautem
367 4911 394 4967 in
405 4912 500 4985 cripta
511 4915 703 4973 subterranea
715 4923 781 4974 rante
793 4917 888 4976 altare
945 4921 1029 4992 pater
1041 4920 1144 4973 noster
1152 4913 1246 4984 gratia
1257 4912 1307 4970 bei
1324 4908 1554 4970 honoriticentia
1567 4907 1666 4977 luerit,
1678 4906 1768 4963 Theo·
1835 4924 1844 4946 a

60 4999 887 5070 sanctabeigeuttricisttariaeetsanctitonanniscmn·
947 4995 1768 5075 dericnsBasiliensiumepiscopus,uirmultaeauctorita

59 5083 187 5159 galiatae,
199 5093 231 5144 et
242 5103 333 5162 super
344 5106 410 5149 eum
421 5093 516 5165 maius
527 5091 619 5150 altare
631 5095 725 5152 sancti
736 5094 815 5152 Petri
828 5103 885 5153 sta·
945 5096 985 5154 tis
1003 5093 1160 5168 eugratiae,
1177 5107 1230 5151 suo
1246 5093 1273 5148 in
1291 5091 1368 5149 lactu
1384 5087 1524 5148 ostendit.
1538 5086 1668 5156 Quicum
1681 5084 1771 5144 iude·

59 5172 175 5236 bilitum
186 5189 242 5237 est.
255 5179 286 5238 lu
297 5181 398 5239 eadem
411 5183 720 5255 criptasnbtusaltare
730 5185 884 5257 prelatum
945 5185 1080 5243 ducendo
1095 5198 1171 5243 novo
1187 5181 1324 5256 episcopo
1340 5181 1414 5252 (113)
1431 5178 1591 5236 virdunum
1612 5176 1718 5234 missus
1735 5173 1771 5232 ab

859 5301 972 5363 NOTAE.

96 5388 555 5533 ((1113))ἓξίειῖᾟίᾟιῗδιῧθξιηωῃι
571 5397 600 5446 οι
617 5391 793 5461 υῃευωηῃῑ·
985 5410 1059 5481 (¹13)
1080 5405 1259 5465 Theoderico
1285 5404 1399 5463 scilicet
1423 5417 1498 5461 anno
1523 5402 1669 5469 105Ἷ;ει.
1692 5402 1773 5458 lteri·

98 5537 174 5610 (aaa)
190 5532 375 5606 cessarea.
392 5537 435 5591 io.
453 5532 518 5590 via
535 5531 671 5590 ricuardi
687 5538 730 5590 ao.
950 5499 1045 5556 eterni
1062 5505 1132 5568 Aue·
1150 5497 1255 5554 Chron-

184 5634 320 5697 Parnon.
335 5629 440 5695 CLIV.
1544 5626 1565 5686 ⁹
