3788 6000
78 274 122 337 49
709 267 960 334 CHRONICON.
978 307 1016 320 -
1031 274 1108 340 lilB.
1132 279 1154 343 l.
1745 288 1785 352 50

80 413 110 476 et
126 411 400 475 ierosolimitanam.
426 426 569 486 quamque
589 411 681 468 eciam
703 422 793 481 super
807 421 907 466 omnes
920 414 949 477 Α
964 410 1066 481 quode
1079 415 1208 486 presenti
1224 417 1423 477 contradimus
1434 417 1573 491 palatium
1594 424 1784 483 nostrumla·

81 509 219 565 universo
233 509 305 564 orbe
321 512 463 563 terrarum
481 504 529 560 lici
559 502 753 560 eeclesiaslit
773 498 906 572 pontifex

81 598 131 669 qui
150 612 203 669 pro
220 594 658 668 tomporeipsiussacrosauctae
667 585 906 647 Romanaeeche-

81 687 134 744 sim
149 686 292 756 extiterit,
309 683 416 742 celsior
431 687 461 739 et
474 683 610 755 princeps
626 676 906 739 cunctiesaccrdoti·

82 775 237 832 bustotius
246 773 343 830 mnndi
356 773 475 840 existat,
487 777 516 827 et
528 770 591 841 eius
611 762 903 840 iudicioquaequaead

80 862 195 921 cultum
210 863 260 920 liei
276 860 379 919 etlldei
390 859 616 917 christianorum
637 855 830 915 stabilitatem
840 869 905 927 pro·

80 939 904 1022 curandatnerint,disponanturtiol.abitustumquippe

80 1045 129 1096 est
146 1046 177 1097 ut
194 1040 247 1096 tibi
264 1039 514 1110 lexsnnctacaput
531 1040 629 1093 toneat
642 1035 835 1109 principatus,
856 1031 905 1091 ubi

81 1127 355 1198 sanctarumlegnm
368 1127 520 1184 institutor
532 1125 665 1182 Salvator
678 1124 904 1180 nosterbeatum

81 1220 201 1276 Petrum
220 1216 386 1289 apostolum
406 1215 589 1287 apostolatus
615 1214 749 1285 optinere
772 1209 905 1285 precepit

80 1306 346 1363 cathedramubiet
371 1306 466 1362 crucis
482 1299 905 1376 patibulumsustinensbeatae

81 1396 188 1452 mortis
199 1394 322 1467 sumpsit
331 1394 477 1467 poculum,
493 1393 598 1464 suique
611 1389 744 1462 magistri
757 1394 786 1445 et
796 1387 905 1444 domini

82 1485 214 1541 imitator
235 1484 391 1556 apparuit;
407 1487 436 1538 et
453 1482 506 1539 tibi
522 1485 625 1554 gentes
642 1496 695 1552 pro
719 1478 904 1537 confessione

82 1573 191 1628 Christi
218 1572 341 1630 nominis
355 1570 428 1630 colia
462 1571 591 1643 flectant,
615 1570 664 1628 ubi
684 1582 784 1626 earum
802 1566 906 1623 doctor

82 1660 193 1718 Paulus
208 1661 411 1719 extensocoito
427 1677 480 1734 pro
497 1660 611 1719 cbristo
624 1659 763 1730 inartprio
773 1661 907 1714 estcoro·

963 503 1126 574 teranensc,
1136 507 1211 576 quod
1220 508 1390 564 omnibusin
1400 513 1461 565 toto
1471 511 1542 567 orbe
1554 514 1701 569 terrarum
1714 529 1777 585 pre·

961 588 1055 646 icitur
1070 594 1157 663 atquc
1173 596 1279 652 eminet
1289 596 1534 668 palatiis;deinde
1546 599 1689 672 diadema,
1701 603 1779 660 vide·

961 676 1027 734 licet
1057 696 1194 740 eoronam
1219 686 1325 757 capitis
1355 687 1458 756 nostri,
1485 688 1630 760 simulque
1662 691 1779 762 frigium

959 779 1012 822 nec
1028 773 1358 845 nonetsupcrumeralo,
1368 774 1505 834 videlicet
1517 774 1676 850 lorumque
1689 779 1778 852 impe·

960 853 1031 912 riale
1043 858 1149 914 assolet
1166 860 1332 918 circundari
1343 862 1570 935 collum,verum
1587 870 1615 922 ct
1624 866 1779 927 clamidem

961 959 1135 1016 purpuream
1147 951 1235 1020 atque
1251 950 1378 1007 tunicam
1395 953 1561 1010 coccineam
1573 957 1601 1011 et
1627 957 1780 1016 omniaim-

961 1033 1080 1104 poenialia
1109 1036 1277 1095 indumenta
1302 1044 1330 1097 et
1347 1044 1784 1120 omnemprocassioneniimpc·

961 1122 1042 1179 rialis
1056 1124 1250 1184 culminisseu
1262 1134 1290 1184 et
1304 1128 1476 1198 (lignitatem
1486 1131 1680 1204 imperialium
1690 1137 1782 1208 presi-

960 1210 1090 1269 dentium
1107 1213 1257 1286 cquitum;
1275 1219 1461 1276 conterentes
1476 1220 1563 1277 etiam
1580 1225 1608 1277 ct
1621 1223 1783 1296 imperialia

961 1306 1088 1374 sceptra,
1104 1304 1189 1361 simul
1206 1310 1291 1363 conta
1304 1312 1391 1378 atquc
1414 1308 1495 1378 signa
1507 1310 1610 1366 blanda
1626 1315 1655 1367 ct
1680 1314 1777 1371 omnia

961 1389 1250 1451 diversaornamenta
1268 1396 1427 1467 imperialia
1438 1400 1465 1455 et
1477 1397 1600 1469 gloriam
1611 1405 1721 1458 nostrae
1734 1417 1783 1475 po·

962 1481 1782 1550 testatisllirosetianrreverentissimosciericosdiversi

963 1567 1074 1626 ordinis
1089 1571 1182 1628 eidem
1195 1578 1387 1631 sacrosanctae
1408 1577 1543 1634 Romanae
1573 1576 1708 1636 ecclesiae
1723 1594 1783 1637 ser·

962 1659 1076 1716 vientes
1091 1659 1295 1733 illudculmcn‚
1313 1664 1558 1736 singularitatem,
1578 1667 1739 1739 potentiam
1752 1671 1780 1726 et

81 1754 170 1806 natus
186 1768 193 1817 ;
210 1749 268 1807 iilic
285 1766 376 1823 usquo
392 1750 420 1808 in
433 1750 518 1807 linem
531 1754 653 1822 querant
674 1749 836 1817 doctorem,
854 1744 904 1801 ubi
921 1766 948 1834 B
964 1747 1305 1819 praecellentiambabere
1315 1754 1469 1824 sancimus,
1490 1754 1782 1828 cujusampiissimus

80 1840 217 1895 sanctum
228 1839 354 1912 quiescit
369 1839 499 1897 doctoris
518 1853 625 1911 corpus
640 1842 685 1906 ;et
700 1836 738 1893 ibi
770 1836 853 1909 proni
876 1840 905 1892 ot

80 1926 229 1983 humiliati
242 1925 903 2000 celestisregisdominisalvatorisnostriiesu

81 2016 192 2074 Cbristi
210 2015 386 2075 famulentur
404 2017 506 2090 officio,
521 2017 569 2074 ubi
581 2015 818 2089 superbitorrcni
829 2015 907 2086 regis

81 2105 266 2162 serviebant.
277 2108 391 2164 interea
407 2121 494 2163 nosse
506 2105 759 2163 volumusomncm
768 2103 907 2178 populum

83 2195 289 2253 universarum
301 2195 431 2265 sevitium
447 2195 633 2251 etnationum
647 2195 906 2266 pertotumorbem

85 2289 232 2340 terrarum
247 2284 446 2342 construxisse
462 2299 514 2341 nos
526 2285 601 2340 intra
624 2284 763 2357 palatium
776 2287 906 2338 nostrum

82 2373 387 2430 bateranenseeidem
404 2373 543 2431 salvatori
573 2377 674 2429 nostro
703 2372 819 2428 domino
848 2373 907 2454 lieo

80 2464 150 2518 lesu
168 2461 285 2519 Christo
300 2461 453 2521 ecclesiam
469 2478 484 2518 a
506 2460 713 2532 fundamentis,
729 2466 759 2517 ct
790 2466 823 2517 lb
855 2476 906 2518 nos

83 2549 188 2608 sciatis
204 2549 240 2607 de
253 2550 317 2622 cJus
334 2550 696 2608 fundamentissecundum
712 2564 864 2606 numerum
875 2553 909 2607 lb

83 2638 909 2712 apostolorumcophinosterraeonustospropriisaspor·

85 2734 165 2785 tasse
180 2728 310 2786 humeris
325 2727 910 2800 ;quamsacrosanctamecelesiamcaput

85 2814 607 2874 etverticemomniumecclesiarum
629 2817 655 2871 in
682 2816 818 2873 universo
837 2815 909 2872 orbe

88 2905 907 2977 terrarumdici,cotietvenerarietpredicarisancimus,

86 2996 165 3052 sicut
177 2994 296 3068 peralta
311 2994 580 3067 nostraimperialia
602 2996 721 3051 decreta
739 2994 906 3051 statuimus.

83 3085 309 3143 construximus
326 3086 413 3141 etiam
429 3084 572 3141 ecclesias
594 3085 746 3140 beatorum
769 3083 848 3140 Petri
877 3085 906 3139 ct
933 3133 948 3151 Ἴ

84 3172 167 3230 Pauli
177 3173 342 3246 principum
354 3172 646 3245 apostolorumque
662 3177 771 3228 auroet
784 3174 908 3243 argento

86 3260 344 3334 locupletavimus,
362 3260 411 3319 ubi
427 3267 454 3318 ct
468 3261 665 3319 sacratissima
678 3275 909 3333 eorumcorpora

87 3365 154 3408 cum
171 3365 275 3422 magno
287 3351 397 3407 bonore
410 3352 614 3422 recondentes,
632 3349 911 3421 tbecasipsornmex

85 3439 212 3511 electro,
235 3438 372 3499 cuinulla
389 3439 746 3497 tortitudoclementorum
764 3437 908 3510 prevalet,

85 3532 295 3593 constupentes
312 3547 319 3596 ;
336 3527 740 3600 crucemexauropurissimo
753 3531 780 3583 et
788 3526 910 3598 gemmis

86 3619 230 3691 preciosis
244 3633 296 3690 per
311 3617 443 3689 singulas
459 3632 559 3674 eorum
582 3618 682 3674 thecas
702 3620 860 3687 posuimus,
879 3619 909 3672 et

85 3707 180 3764 clavis
202 3707 299 3764 aurcis
328 3706 511 3777 confiximus,
532 3705 580 3777 qui
606 3721 658 3777 pro
687 3705 909 3773 concinnatione

88 3795 276 3853 luminarium
288 3794 618 3867 praediaconiulimuset
631 3794 719 3850 rebus
729 3793 909 3850 diversiseas

87 3884 258 3955 ditavimus,
274 3889 305 3940 et
321 3898 373 3956 per
387 3887 516 3940 nostram
541 3882 735 3955 imperialium
748 3882 910 3955 jussionem

88 3976 269 4030 sacramtam
285 3972 313 4028 in
324 3972 474 4028 orienteet
485 3972 636 4030 occidente
649 3985 734 4042 quiam
751 3972 776 4026 in
795 3975 911 4043 septen·

88 4060 211 4118 trionaii
225 4065 254 4117 et
271 4059 454 4118 meridionali
480 4060 575 4132 plaga,
592 4060 728 4116 videlicet
743 4060 770 4115 in
799 4059 909 4129 tuilaea,

88 4150 289 4221 anectensis,
301 4150 411 4219 tracia,
428 4149 534 4217 Africa,
547 4149 629 4207 ltalia
651 4147 695 4205 vei
728 4147 853 4205 diversis
870 4147 911 4203 in-

87 4238 174 4310 sulis,
192 4242 323 4297 nostram
339 4237 771 4308 largitatemciscoucessimus.
790 4251 911 4308 capror-

89 4341 142 4385 sus
159 4327 272 4383 ratione
285 4331 317 4384 ut
332 4340 386 4398 per
399 4340 502 4383 ananus
526 4325 687 4383 beatissimi
704 4325 797 4398 patris
818 4323 910 4382 nostri

90 4415 225 4473 silvestri
238 4413 387 4488 pontilicis
402 4429 663 4485 successorumque
678 4413 741 4485 ejus
753 4412 911 4470 omniadis·

962 1842 1060 1893 noster
1077 1843 1195 1896 senatus
1205 1840 1322 1899 videtur
1337 1841 1429 1912 gioria
1441 1842 1625 1916 adornari,id
1639 1848 1685 1903 est
1694 1846 1784 1918 patri-

962 1924 1025 1982 cios
1039 1931 1126 1997 atoue
1138 1928 1276 1986 eonsules
1292 1931 1374 2001 emor,
1388 1946 1508 1991 necnon
1524 1936 1553 1989 et
1569 1935 1678 1992 cete·is
1690 1933 1781 2006 digni-

963 2015 1565 2092 tatibnsimperialibuscospromulgantes
1588 2022 1731 2081 decorari.
1747 2024 1781 2082 Et

962 2104 1783 2181 sicutornmurimperiaiismilicia,itaetolerumsancte

962 2195 1096 2252 Romanae
1116 2195 1249 2257 ecclesiae
1273 2199 1370 2254 ornari
1387 2199 1584 2271 decernimus,
1597 2206 1626 2257 et
1643 2202 1780 2274 quemad·

963 2284 1079 2340 inoxium
1091 2284 1252 2356 imperialia
1272 2286 1365 2344 oillcia
1391 2287 1506 2346 diversa
1531 2290 1779 2349 cubiculariorum

963 2371 1150 2430 ostiariorum
1161 2378 1189 2431 et
1202 2376 1329 2432 omnium
1345 2378 1550 2434 excubitorum
1571 2384 1723 2450 ornantur,
1740 2379 1779 2438 ita

963 2465 991 2515 et
1002 2465 1130 2517 sanctam
1143 2464 1298 2519 itomanam
1310 2463 1464 2520 ecclesiam
1490 2465 1623 2522 deroravi
1645 2465 1782 2525 volumus

963 2553 993 2604 et
1009 2551 1040 2606 ut
1056 2549 1233 2622 amplissime
1249 2551 1409 2623 pontiiicali
1420 2552 1715 2626 decorepraeiuigeat.
1729 2556 1781 2613 lie·

963 2637 1110 2695 cernimus
1124 2643 1152 2695 ct
1169 2640 1224 2696 hoc
1240 2639 1357 2698 clericis
1368 2640 1497 2710 ejusdem
1521 2647 1632 2701 sanctae
1647 2643 1782 2703 Romanae

963 2725 1107 2798 ecelesiae,
1125 2743 1161 2783 ex
1174 2727 1391 2786 linteaminibus
1400 2730 1608 2787 candidissimo
1621 2730 1780 2791 decorceo·

965 2830 1027 2871 rum
1040 2816 1172 2872 decorari
1188 2832 1280 2887 equos
1296 2821 1324 2874 ct
1342 2819 1533 2890 ibaequitare,
1551 2824 1580 2876 et
1592 2820 1668 2877 sieut
1681 2824 1783 2880 noster

964 2907 1084 2961 senatus
1100 2905 1301 2965 calciamentis
1318 2912 1410 2964 utitur
1425 2923 1489 2964 cum
1517 2908 1672 2979 udonibus,
1692 2909 1782 2968 idest

964 2992 1088 3050 caridido
1104 2993 1270 3050 linteamine
1286 2993 1453 3066 illustrante
1468 3001 1499 3053 ut
1514 2996 1591 3052 sicut
1607 2996 1726 3054 celestia
1743 2998 1784 3056 ita

965 3086 993 3137 et
1010 3083 1127 3138 terrena
1151 3082 1339 3140 decorentur.
1357 3084 1419 3140 Prae
1440 3083 1575 3142 omnibus
1588 3083 1784 3144 autemiicen·

966 3170 1270 3243 tiamtribucntcsipsi
1283 3172 1467 3229 sanctissimo
1478 3173 1664 3245 patrinostro
1677 3174 1783 3233 Silves-

966 3263 1022 3329 tro,
1042 3258 1124 3315 urbis
1140 3260 1237 3316 Rome
1253 3261 1392 3333 episcopo
1403 3266 1432 3317 et
1447 3276 1536 3334 papae,
1551 3262 1783 3335 ctomnibusqui

966 3347 1319 3420 postcuminsuccessum
1342 3351 1683 3423 perpetuistcmporibus
1698 3351 1785 3410 adve-

966 3435 1061 3492 nerint
1074 3437 1455 3509 beatissimispontiiicibus,
1464 3455 1518 3511 pro
1530 3440 1676 3497 bonoreet
1689 3440 1783 3511 gloria

966 3524 1186 3582 christidomini
1198 3525 1328 3582 nostriin
1341 3528 1552 3597 eadcmmagna
1574 3529 1622 3584 liei
1639 3528 1783 3587 catholica

964 3612 1782 3689 etapostolicaccclesiacxnostrisinclitis,quernpleca·

966 3702 1419 3774 tusproprioconsiiioclericare
1430 3704 1555 3762 voluerit
1576 3712 1605 3763 et
1618 3705 1646 3761 in
1663 3720 1784 3765 numero

968 3789 1173 3861 religiosorum
1189 3792 1567 3863 clericorumdinumcrare,
1586 3794 1710 3851 nulloex
1726 3809 1785 3851 om·

966 3881 1785 3954 nibuspresumentcsuperbeagere.{lecrevimusitaque

965 3971 995 4025 et
1011 3969 1063 4025 boc
1080 3972 1111 4026 ut
1127 3969 1202 4026 idem
1220 3969 1396 4027 uenerabilis
1425 3975 1508 4043 pater
1530 3976 1629 4027 noster
1645 3970 1785 4028 silvester

965 4072 1094 4115 suminus
1103 4058 1232 4130 pontifex
1248 4058 1294 4115 vel
1314 4074 1413 4116 omncs
1434 4061 1497 4131 eius
1521 4075 1710 4118 successores
1724 4060 1785 4116 dia·

966 4145 1058 4217 doma,
1077 4145 1214 4203 videlicet
1227 4161 1365 4203 eoronam
1375 4163 1411 4204 ex
1424 4147 1724 4220 capitenostro,quod
1737 4147 1779 4204 iili

964 4234 1176 4306 concessimus,
1186 4250 1222 4291 ex
1231 4250 1302 4292 auro
1315 4235 1787 4309 purissimoetgcmmispreciosis

967 4325 1008 4381 uti
1025 4325 1150 4381 debeant
1166 4329 1194 4381 et
1214 4325 1241 4380 in
1256 4340 1309 4382 suu
1323 4325 1420 4396 capite
1431 4326 1467 4382 ad
1480 4325 1594 4382 landem
1609 4326 1657 4382 liei
1671 4341 1722 4398 pro
1738 4325 1788 4382 bo·

966 4428 1036 4470 nore
1052 4413 1129 4470 beati
1146 4413 1225 4469 Petri
1235 4417 1354 4484 gestare
1371 4414 1431 4485 (iol.
1449 4415 1503 4485 bt).
1521 4416 1584 4486 lpse
1601 4429 1671 4471 vcro
1683 4415 1787 4471 beatus

90 4505 247 4576 ponantur.
261 4501 390 4560 Gaudeat
413 4503 513 4573 itaque
525 4517 579 4559 una
591 4503 741 4559 nobiseum
753 4502 847 4559 oannis
864 4517 912 4574 po·
925 4501 952 4562 Ii
967 4516 1039 4574 papa
1055 4517 1284 4574 supracoronam
1299 4502 1470 4574 clericatus,
1486 4519 1571 4575 quam
1588 4504 1663 4573 gerit
1680 4504 1784 4575 adglo-

90 4591 179 4665 pulus
190 4591 362 4662 cigentium
378 4591 512 4648 nationes
528 4591 556 4647 in
567 4592 703 4648 universo
733 4593 803 4649 orbe
820 4596 911 4648 terra·

91 4695 167 4753 rum,
184 4693 259 4753 quos
273 4685 443 4739 exortamus
455 4694 556 4736 omnes
569 4686 601 4737 ut
632 4681 689 4737 lico
714 4686 744 4736 et
770 4678 915 4743 salvatori

90 4774 193 4828 nostro
206 4770 276 4826 iesu
293 4768 407 4827 Christo
417 4767 574 4826 immensas
585 4769 912 4839 iruanobiscumgratias

90 4857 239 4929 reseratis,
256 4856 392 4928 quoniam
406 4857 467 4930 ipsc
482 4857 559 4914 Deus
570 4857 598 4913 in
609 4856 681 4914 celis
704 4858 867 4930 desupcrct
885 4857 912 4913 in

90 4955 173 5004 terra
185 4947 322 5004 deorsum
339 4945 409 5017 ;qui
425 4961 536 5018 nosper
547 4961 615 5005 suos
626 4950 747 5004 sanctos
762 4945 913 5019 apostolos

88 5036 218 5094 visitans
231 5040 365 5094 sanctum
383 5036 913 5108 baptismtissacramentumpercipc·

87 5122 826 5196 rejussit,etcorporissanitatedignoselieciiitol.
846 5123 911 5198 Ἢ).

88 5215 147 5270 Pro
165 5226 222 5286 qua
239 5212 773 5287 concedimusipsissanctisapostoiis
789 5214 914 5272 dominis

88 5301 177 5373 meis,
194 5304 224 5358 ct
240 5315 291 5374 per
304 5315 354 5358 eos
370 5301 458 5358 etiam
471 5302 558 5359 beato
572 5301 712 5359 Silvestre
722 5303 797 5374 patri
813 5307 914 5360 nostro

90 5404 208 5448 summo
224 5388 556 5462 pontilicictuniversali
568 5389 650 5446 urbis
665 5381 764 5448 liom'ae
782 5407 872 5465 papae,
885 5397 914 5447 et

92 5477 231 5536 omnibus
242 5477 307 5548 elus
321 5476 545 5535 successoribus
559 5477 749 5549 pontificibus
765 5480 915 5553 quinoque

89 5569 121 5629 iu
140 5565 196 5626 tine
210 5566 309 5626 uiundi
322 5566 351 5623 in
367 5565 437 5623 sede
449 5565 527 5624 beati
542 5566 622 5626 Petri
637 5571 724 5626 erunt
740 5568 861 5641 sessuri,
873 5574 916 5626 at-

967 4591 1220 4663 riambeatil‘etri,
1231 4592 1347 4649 omnino
1359 4593 1540 4664 ipsaexauro
1551 4607 1606 4649 non
1623 4598 1782 4666 estpassus

968 4680 1008 4735 uti
1017 4695 1134 4737 corona.
1148 4681 1483 4750 Frigiumverocandido
1492 4682 1587 4738 nitore
1599 4680 1784 4753 splendidum

967 4768 1212 4826 resurrectionem
1238 4769 1409 4827 dominicam
1435 4770 1600 4841 designans,
1616 4769 1785 4837 ejussacra·

966 4857 1078 4915 tissimo
1094 4857 1198 4941 vertici
1216 4859 1349 4915 manibus
1361 4859 1473 4916 nostris
1503 4856 1710 4928 imposuimus:
1728 4861 1787 4914 sta·

968 4951 1085 5004 tuentes
1095 4946 1197 5003 eodem
1213 4947 1298 5017 frigio
1313 4963 1414 5005 omines
1433 4947 1496 5016 cJ'us
1526 4960 1716 5004 successoros
1727 4947 1785 5005 sin·

967 5034 1109 5105 gulariter
1138 5035 1179 5091 uti
1204 5036 1230 5091 in
1257 5035 1495 5109 processionibus
1525 5034 1560 5090 ari
1596 5033 1787 5093 imitationem

968 5124 1080 5197 imperii
1101 5126 1206 5181 nostri.
1222 5125 1302 5181 Unde
1325 5129 1355 5181 ut
1378 5139 1434 5179 non
1459 5121 1580 5179 vilescat
1607 5123 1782 5196 pontitlcalis

969 5229 1052 5288 apex,
1078 5214 1128 5271 sed
1149 5216 1241 5285 magis
1265 5213 1389 5285 amplius
1434 5227 1520 5284 quam
1539 5214 1650 5270 terreni
1675 5213 1789 5286 imperii

969 5305 1097 5376 dignitas
1110 5303 1253 5374 etgioriae
1279 5301 1410 5374 potentia
1440 5301 1610 5374 decoretur,
1635 5306 1785 5359 ecoctam
1850 5334 1854 5339 -

971 5393 1109 5465 palatium
1121 5394 1291 5449 nostrumut
1308 5379 1786 5463 prelatumest,quamquelioma=

971 5481 1052 5538 urbis
1065 5484 1095 5536 et
1111 5494 1213 5538 omnes
1228 5479 1381 5538 ltaliaeseu
1394 5479 1620 5538 occidentalium
1639 5477 1791 5548 regionum

973 5567 1535 5644 provinciaslocaetcivitatessepeiato
1548 5563 1794 5636 beatissimopon·
