3788 5992
76 285 135 354 821

522 285 743 353 eunoulun.
760 323 799 335 —
813 283 1051 352 CHRONICON
1072 282 1346 354 UNIVERSALE.

1724 289 1783 359 62⁶2

78 424 188 499 precio.
207 425 368 497 Susceptus
382 427 478 480 autem
496 424 620 494 benigno
636 440 650 480 a
666 438 735 494 rege
746 425 776 479 et
788 421 823 478 ad
838 421 947 484 cun-A
964 421 1101 492 sculpens
1114 422 1240 481 dirersis
1257 422 1440 492 animalibus
1459 423 1580 497 reliquis
1595 426 1682 485 etiam
1694 430 1783 488 aedill·

76 516 187 574 rivium
203 516 267 587 ejus
283 514 435 583 inritatus,
460 514 646 570 discumbens
669 529 733 569 eum
758 512 906 585 prioribus

77 606 307 678 provinciarum,
337 604 458 659 ultimus
487 604 613 659 omniurn
642 602 728 673 sedit,
762 607 905 672 tamquam

77 709 153 767 puer
169 694 205 750 ab
216 693 349 749 erunibus
362 693 513 763 dcspcetui
526 693 653 748 habitus.
669 692 795 762 Cumque
806 703 907 745 omnes

76 798 144 840 ossa
162 781 295 837 ciborum
313 784 380 835 ante
397 780 477 835 illum
491 780 517 833 in
531 795 627 835 mensa
640 779 829 850 projicerent,
844 777 907 847 ipso

76 876 211 941 tacente,
226 870 352 940 Triphon
370 869 498 940 quidam,
518 869 566 939 qui
584 867 617 923 ad
632 867 817 923 convivarum
831 866 908 922 risus

76 963 165 1030 aptus
177 963 251 1027 erat,
265 957 436 1025 rogantibus
449 955 590 1023 convivis,
598 956 680 1025 juxta
693 970 820 1010 mensam
833 953 910 1023 regis

76 1048 232 1118 assistens,
248 1045 288 1100 ait
307 1045 387 1114 regi:
411 1046 506 1115 Vides,
521 1045 648 1114 dormine,
665 1043 832 1116 anteposita
843 1054 910 1099 ossa

74 1137 243 1210 Hyrcano?
256 1137 306 1192 Ea
321 1134 375 1190 boc
385 1134 496 1204 carrjice
506 1134 584 1206 quod
591 1134 714 1205 etputer
725 1134 789 1204 q'am
798 1132 843 1189 sic
853 1144 911 1186 one

74 1225 276 1296 armnSgriom
285 1222 459 1292 deurcdnoit,
475 1223 555 1279 sieut
564 1222 624 1279 bec
637 1236 701 1280 ossa
710 1223 767 1280 iste
780 1236 800 1278 a
814 1220 912 1278 corni·

79 1311 911 1386 baaeaapottoett.Riuontoamemregeauverbarripno.

78 1405 125 1461 nis
141 1409 170 1460 et
182 1404 381 1470 interrogante
396 1402 558 1470 llyreanum
575 1416 628 1456 cnr
644 1405 724 1456 tanta
751 1415 817 1456 ossa
844 1403 911 1455 ante

965 510 1018 567 ciis
1033 511 1127 568 locum
1144 512 1267 588 rnurriuit
1281 528 1365 583 quem
1382 515 1484 586 Tyrum
1506 519 1693 586 nuncupavit.
1716 521 1783 575 Pre-

965 599 1020 654 luit
1033 608 1129 656 auteur
1143 601 1201 657 illis
1208 601 1343 672 partibus
1354 616 1405 673 por
1418 617 1508 658 annos
1518 606 1643 673 lambini
1653 611 1782 678 temporo

964 702 1021 757 quo
1032 687 1181 758 Seleucus,
1197 688 1623 768 dliusAntioehiltlagni,Syriae
1641 696 1781 764 regnavit.

965 774 1026 840 Quo
1042 781 1165 847 mortuo,
1185 778 1274 833 irater
1290 778 1352 847 ejus
1369 779 1530 836 Antiochus
1548 782 1712 852 Epiphanes
1739 799 1784 840 re·

963 878 1050 934 gnum
1066 865 1203 921 obtinuit.
1221 866 1309 931 Quom
1327 871 1460 922 metucns
1476 864 1635 938 llyrcannS,
1653 886 1687 926 ne
1703 873 1737 926 ab
1749 887 1784 929 eo

965 953 1119 1008 tormentis
1135 954 1300 1010 afficeretur
1316 970 1368 1024 pro
1392 955 1436 1010 bis
1462 971 1525 1025 quae
1547 961 1649 1013 contra
1674 961 1785 1016 Aralias

965 1045 1075 1111 egerat,
1093 1041 1182 1097 vitam
1199 1042 1315 1113 propria
1332 1058 1416 1099 rnanu
1435 1042 1536 1098 finivit.
1555 1045 1785 1114 Cujussubstau-

967 1129 1035 1184 tiam
1051 1130 1212 1186 Antiochus
1228 1130 1281 1185 sibi
1298 1131 1451 1201 applicuit.
1472 1133 1602 1189 llortuns
1619 1137 1661 1190 est
1687 1142 1784 1194 autem

966 1222 993 1273 et
1019 1220 1122 1288 Symon
1146 1218 1285 1289 pontifex,
1304 1218 1381 1275 filius
1406 1220 1495 1289 Orthe,
1523 1221 1690 1292 relinquens
1722 1231 1784 1283 tres

966 1304 1052 1376 illios,
1073 1306 1172 1362 Ouiana
1192 1307 1320 1377 ihesum,
1343 1308 1442 1364 Oniam
1464 1309 1526 1364 sive
1550 1313 1712 1382 Ananimn;
1733 1319 1785 1375 scd

966 1394 1041 1465 patri
1055 1393 1142 1451 Onias
1157 1394 1185 1450 in
1206 1394 1365 1452 sacerdotii
1383 1397 1490 1453 bonore
1507 1402 1651 1456 successit
1670 1421 1677 1469 ;
1695 1412 1724 1461 ct
1740 1407 1784 1466 hie

76 1508 144 1551 eum
158 1493 289 1563 iacerent
304 1509 310 1544 :
328 1488 411 1560 Apte,
431 1488 537 1559 inquit,
554 1489 680 1559 domine,
711 1502 783 1545 natu
811 1491 911 1546 eones·
965 1488 1011 1538 est
1028 1483 1063 1538 ad
1079 1498 1164 1553 quem
1181 1484 1267 1541 Arius
1283 1499 1335 1540 rex
1352 1486 1530 1556 Spartanum,
1548 1488 1636 1545 idest
1659 1492 1783 1552 lacede-

76 1596 193 1654 scmper
206 1593 273 1637 ossa
289 1577 507 1635 eumcnrntbas
518 1579 670 1648 decorent,
683 1565 911 1649 sieutistisece]
966 1573 1127 1630 moniorum
1139 1574 1278 1645 epistolas
1295 1574 1384 1645 misit,
1401 1575 1502 1630 dicens
1518 1578 1634 1634 Judaeos
1650 1587 1679 1636 ct
1700 1584 1785 1641 Lacc-

73 1671 158 1742 ruut‚
170 1669 239 1726 cote
250 1680 392 1740 quosaam
401 1665 910 1736 iiztirtnzejucenquommesberoae.
965 1660 1104 1718 demones
1118 1677 1154 1717 ox
1168 1676 1224 1718 nuo
1235 1676 1342 1733 genere
1358 1662 1480 1719 Abrahae
1496 1663 1694 1724 descendisse.

73 1751 898 1824 medenteornes,osanauteanjactunt.quodelegotam
922 1774 950 1836 Β
1002 1749 1051 1818 (H.
1069 1752 1120 1823 m.)
1144 1753 1225 1806 Anno
1250 1751 1285 1806 ab
1309 1751 1384 1806 Urbe
1408 1751 1785 1824 condita'quingentesimo

79 1847 272 1922 quumbomo
293 1842 463 1915 aruncseci.
490 1844 549 1897 ilex
574 1847 670 1898 autem
700 1842 822 1897 miratus
846 1840 909 1910 eius
965 1838 1205 1910 quinquagesimo
1235 1838 1337 1911 primo,
1362 1839 1409 1908 qui
1434 1838 1594 1897 Ptholomei
1620 1846 1785 1916 Eppphaais

77 1951 254 2008 responsum
280 1937 339 1989 tam
365 1932 513 2003 sapienter
542 1930 662 2001 dictum,
690 1929 778 1999 jussit
807 1941 908 1986 omnes
965 1933 1152 2000 computatur
1167 1929 1253 1985 etiam
1266 1928 1387 2000 primus,
1399 1929 1616 1995 TitusQuiutns
1629 1934 1786 1993 Flaminius

76 2026 231 2100 plaudere,
250 2025 371 2080 verbum
387 2022 450 2092 eius
466 2020 629 2076 laudantes.
644 2022 765 2075 Postera
776 2034 847 2075 vero
862 2017 909 2074 die
964 2022 1068 2075 eontra
1079 2017 1244 2089 Philippum
1260 2016 1433 2073 Macedoniae
1448 2032 1545 2087 regem
1562 2021 1667 2078 missus
1682 2026 1737 2093 ost,
1754 2030 1785 2082 ot

75 2117 231 2187 llyrcanus
246 2112 281 2170 ad
299 2125 532 2181 unumquemque
548 2109 624 2179 regis
639 2109 762 2165 amicum
785 2122 910 2183 pergens
966 2111 1032 2179 post
1045 2106 1145 2178 praelia
1157 2105 1258 2175 inulta,
1274 2105 1381 2176 quibus
1398 2107 1569 2164 llaeedones
1583 2111 1664 2181 vicit,
1681 2128 1783 2183 pacem

75 2210 106 2261 et
119 2204 154 2259 ad
167 2206 303 2274 potentes
316 2198 400 2269 antae,
413 2198 551 2255 salutavit
563 2213 622 2254 eos.
638 2199 768 2254 testante
779 2212 850 2254 ivero
862 2196 909 2252 die
965 2201 1098 2273 Philippo
1112 2202 1203 2271 dedit,
1217 2203 1272 2257 snb
1288 2201 1454 2258 conditione
1465 2203 1552 2258 etiam
1566 2207 1741 2264 uenientum
1754 2209 1785 2265 u-

75 2290 168 2350 uatali
185 2289 235 2346 lllii
252 2289 340 2360 regis,
359 2288 506 2360 principes
522 2288 583 2357 regi
605 2286 766 2343 ollerebanl
789 2286 823 2319 ²⁷⁸
849 2301 910 2361 nau,
965 2290 1034 2347 lium
1051 2305 1136 2346 suum
1151 2290 1282 2346 obsidem
1298 2289 1389 2346 dedit.
1416 2292 1464 2358 (H.
1489 2294 1538 2360 u.)
1567 2294 1783 2354 lacedemoniis

75 2395 159 2445 nera,
178 2380 226 2450 qui
245 2379 378 2447 multum,
396 2392 452 2433 non
470 2377 535 2447 plus
555 2391 640 2447 quam
657 2375 760 2447 viginti
785 2375 905 2446 talenta,
965 2378 1784 2453 quoquebellumTitusidemintulit,dueernqucillorum

77 2467 538 2542 Hyrcauusaditaqueassumens
548 2465 908 2544 puerosetvirginesquos
963 2468 1102 2523 Naviuem
1117 2467 1187 2524 vicit
1203 2469 1233 2521 et
1250 2466 1356 2536 quibus
1370 2466 1462 2523 voluit
1476 2469 1692 2528 conditionibus
1709 2474 1735 2528 in
1753 2473 1785 2530 ll·

77 2561 310 2631 comparaverat,
324 2556 406 2612 dedit
430 2554 586 2624 unicnique
609 2553 750 2609 talentum
777 2558 905 2624 portare,
963 2558 1028 2613 dem
1045 2555 1170 2626 aceepit,
1193 2555 1302 2625 ingenti
1328 2554 1420 2625 gloria
1443 2556 1644 2630 triumphavit,
1671 2562 1783 2621 ducens

77 2652 108 2706 et
124 2662 233 2720 pucros
248 2646 365 2717 quidem
382 2643 490 2716 optulit
502 2644 574 2714 regi,
588 2642 701 2715 puellas
713 2647 808 2700 autem
827 2643 907 2699 Cleo·
963 2649 1030 2700 ante
1042 2658 1160 2701 currum
1172 2643 1595 2716 suumnobilissimusobsides,
1607 2651 1784 2710 Demetrium

80 2742 175 2810 patrae
191 2737 309 2807 reginae.
328 2735 467 2790 Omnibus
484 2734 573 2803 igitur
595 2732 819 2816 muaificentiam
843 2730 907 2800 ejus
963 2733 1090 2804 Philippi
1112 2732 1201 2790 hlium
1231 2737 1259 2788 et
1290 2736 1441 2790 Annonem
1471 2736 1597 2792 llaridis.
1627 2740 1784 2800 Transacto

78 2826 315 2896 ammirantibus,
333 2841 384 2881 rex
400 2825 548 2880 honorans
561 2837 626 2878 euin
642 2821 804 2878 liberaliter
819 2821 908 2876 etdo·
964 2821 1041 2879 bello
1062 2822 1255 2891 llaeedonico,
1274 2827 1406 2879 secutum
1439 2830 1485 2880 est
1508 2826 1666 2896 Syriacum.
1693 2832 1784 2902 (then.

78 2914 215 2971 nationes
230 2915 365 2985 copiosas
387 2919 531 2984 prostans,
558 2911 634 2982 patri
659 2916 688 2966 et
713 2909 853 2966 iratribus
877 2911 906 2965 el
963 2912 1083 2968 iehan.
1097 2912 1181 2966 -Η,
1194 2913 1246 2982 m.)
1259 2911 1419 2968 Antiochus
1433 2912 1657 2984 itaquellagnus
1672 2933 1719 2974 rex
1737 2921 1786 2990 Sy-

76 3004 212 3060 omnibus
230 3003 452 3072 magistratibus
467 3001 576 3072 scripta
594 3015 648 3071 pro
672 3014 706 3055 co
730 2997 905 3055 transmisit.
964 2999 1024 3070 riae,
1041 3015 1105 3057 cum
1122 3014 1242 3070 regnum
1258 2999 1358 3069 generi
1373 2999 1408 3032 ²⁷⁶
1422 3001 1466 3056 sni
1483 3003 1643 3060 Ptholomei
1665 3007 1786 3078 Epipha-

76 3091 238 3149 Audieutes
261 3104 358 3147 autem
383 3091 489 3146 tratres
513 3089 586 3159 eine,
614 3088 683 3144 talia
708 3102 773 3142 euin
800 3101 815 3142 a
840 3101 907 3156 rege
963 3089 1009 3145 nis
1027 3089 1160 3145 obtinere
1181 3104 1235 3145 nou
1260 3092 1369 3159 posset,
1393 3091 1481 3144 vertit
1507 3106 1538 3146 se
1563 3092 1599 3147 ad
1624 3092 1731 3165 Asiam,
1755 3103 1786 3153 et

79 3182 223 3237 meruisse
235 3185 339 3236 etcum
353 3194 456 3249 magno
469 3179 577 3235 reuerti
590 3178 699 3233 honoro
711 3176 755 3247 ²⁷³,
769 3177 796 3231 in
808 3190 910 3232 occur·
964 3176 1059 3234 nauali
1083 3177 1241 3234 certamine
1264 3177 1392 3234 obtinuit
1414 3178 1544 3234 ilbodum
1565 3185 1592 3236 et
1618 3183 1732 3239 Samum
1757 3190 1787 3244 ct

79 3285 144 3326 sum
160 3269 224 3339 eius
244 3270 343 3340 egredi
371 3285 402 3325 sc
428 3268 609 3338 simulantes,
636 3265 801 3323 interlicere
827 3265 908 3321 illum
966 3267 1037 3323 alias
1050 3265 1658 3336 insulasmultas,deindeeontrallomanos
1669 3278 1787 3331 struens

78 3359 245 3416 omnimodo
261 3360 466 3427 decreverunt,
493 3358 580 3413 etiam
606 3363 690 3428 patre
715 3357 835 3423 sciente,
862 3354 910 3425 qui
967 3354 1086 3426 bellum,
1102 3371 1138 3412 ox
1154 3355 1219 3412 Asia
1237 3355 1342 3411 transit
1366 3355 1394 3411 in
1419 3358 1571 3428 Europam.
1597 3361 1674 3417 Tunc
1699 3363 1786 3420 etiam

80 3454 202 3520 propter
216 3449 355 3521 pecunias
373 3462 444 3519 quas
460 3447 521 3517 regi
543 3445 689 3517 optulerat
716 3446 911 3522 irascebatur,
967 3445 1109 3501 Hannibal
1128 3444 1260 3501 exhiberi
1278 3446 1397 3500 Rumam
1413 3445 1512 3515 jussus
1531 3463 1546 3503 a
1571 3455 1685 3520 senatu,
1713 3452 1787 3508 elam

79 3536 132 3593 sed
149 3552 248 3608 regem
266 3538 379 3602 timeus,
405 3537 476 3593 iram
500 3536 624 3591 celabat.
654 3535 911 3592 Cornrnittentibus
967 3550 1003 3592 ex
1015 3536 1110 3591 Alriea
1126 3534 1285 3605 proiectus,
1299 3535 1662 3608 nellomauistraderetnr,
1681 3540 1716 3595 ad
1734 3542 1789 3596 An-

82 3630 181 3681 autern
198 3627 416 3683 adversuseum
435 3625 575 3681 iratribus
591 3639 726 3696 pugnam,
745 3624 852 3680 multos
867 3638 912 3682 eu.
969 3624 1095 3681 tiochum
1118 3623 1253 3693 migravit
1272 3622 1357 3694 eique
1377 3638 1407 3680 sc
1431 3625 1591 3694 coniunxit.
1613 3629 1702 3695 Quem
1722 3645 1787 3685 eum

82 3729 147 3769 rum
165 3730 214 3786 qm
231 3716 429 3785 sequebantur
441 3713 548 3769 occidit
564 3728 628 3768 euru
644 3712 760 3768 dixobus
771 3712 911 3768 tratribus
967 3713 1043 3784 apud
1058 3712 1200 3784 Ephesum
1219 3711 1379 3768 invenisset
1394 3718 1580 3771 cunctantem
1605 3732 1668 3771 rrrux
1681 3718 1715 3773 ad
1729 3715 1789 3774 bel·

83 3804 165 3871 suis;
183 3803 274 3860 ceteri
292 3808 388 3860 autem
405 3803 439 3858 ad
450 3808 562 3874 patrem
574 3801 795 3857 lherosolimam
812 3802 911 3858 consu·
967 3802 1025 3858 lum
1041 3799 1165 3871 impulit.
1185 3800 1340 3871 (Hrculi.
1358 3832 1392 3842 ·-
1407 3803 1447 3857 H.
1462 3804 1512 3873 aa.)
1529 3805 1583 3859 Sed
1599 3807 1729 3862 occurrit
1745 3807 1789 3865 cis

81 3897 198 3962 gerunt.
216 3892 269 3958 Qari
288 3897 440 3963 postquam
458 3891 493 3946 ad
509 3890 656 3946 civitatem
669 3889 758 3959 uenit,
781 3888 861 3944 nullo
879 3902 910 3944 se
941 3959 945 3966 .
967 3890 1063 3961 Scipio
1075 3890 1176 3945 Nasica
1194 3904 1259 3944 cum
1275 3889 1365 3944 fratrc
1377 3905 1429 3946 suo
1440 3891 1573 3962 Scipione
1586 3894 1732 3967 Africano,
1752 3897 1790 3954 is·

83 3981 274 4052 suscipiente,
293 3980 430 4037 discessit
447 3987 526 4036 trans
537 3980 693 4035 Jordauem
711 3977 839 4048 lluvium,
859 3977 911 4033 ibi·
968 3980 1090 4049 deinque
1102 3976 1255 4034 Africanus
1269 3977 1409 4034 larniliare
1421 3979 1599 4051 colloquium
1611 3999 1675 4039 curn
1687 3984 1790 4041 llauni·

85 4084 142 4140 que
153 4074 327 4138 remoratus,
342 4069 494 4138 uectigalia
507 4069 644 4138 exigebat
660 4081 674 4122 a
693 4065 838 4122 barbaris.
856 4067 912 4121 Per
968 4067 1032 4124 bale
1048 4066 1159 4136 habuit,
1176 4065 1226 4122 scel
1242 4066 1350 4122 inlecto
1366 4069 1492 4138 negotio,
1510 4072 1545 4125 ab
1562 4073 1704 4128 Antiocho
1734 4074 1791 4130 dis·

85 4159 165 4214 idem
177 4165 273 4215 aulem
287 4165 404 4230 tempus
414 4159 554 4228 regnabat
568 4159 595 4212 in
608 4156 675 4213 Asia
692 4155 843 4226 Seleucus,
862 4154 910 4226 qui
967 4157 1068 4215 cessit.
1083 4155 1219 4226 Sequenti
1230 4171 1304 4211 auno
1314 4155 1388 4211 idem
1403 4156 1499 4228 Scipio
1511 4159 1664 4216 Alrieanus
1685 4162 1790 4218 llanni·

85 4246 241 4305 dicebatur
262 4246 376 4317 Sother,
399 4247 477 4303 illius
498 4244 632 4302 Antiochi
652 4243 754 4313 llagni.
970 4247 1074 4310 halem,
1085 4245 1132 4317 qui
1145 4245 1355 4302 tuucAntiochi
1368 4245 1456 4303 classi
1469 4254 1595 4319 preerat,
1610 4250 1703 4306 navali
1716 4265 1790 4321 prae-

121 4338 282 4395 Delunctus
297 4342 342 4393 est
360 4341 457 4393 autem
468 4336 556 4393 Onias
570 4335 713 4408 pontifex,
727 4334 804 4390 filius
815 4333 912 4405 Syme·
969 4334 1008 4391 lio
1023 4335 1093 4391 vicit
1108 4338 1137 4390 et
1154 4334 1285 4404 lugarit;
1304 4335 1394 4391 trater
1411 4351 1525 4407 quoquo
1541 4338 1603 4408 ejus
1626 4340 1731 4395 Lucius
1755 4338 1790 4374 ’Ἠ

83 4426 132 4482 nis
147 4426 222 4483 Justi
239 4427 339 4483 fratris
355 4426 496 4496 Eleazari‚
512 4426 674 4482 avunculus
689 4423 805 4495 tosopni
818 4423 912 4493 patris
970 4423 1122 4481 Cornelius
1137 4422 1233 4494 Scipio
1249 4423 1351 4480 Nasica
1372 4425 1484 4496 consul,
1506 4427 1615 4483 habens
1635 4427 1663 4483 in
1680 4426 1789 4485 auxilio

87 4516 224 4588 llyreani,
242 4517 437 4588 principatum
454 4515 612 4572 sacerdotii
630 4514 836 4584 derelinquens
852 4510 912 4568 lllio
926 4489 953 4550 D
969 4515 1126 4582 Eumenen,
1142 4512 1233 4569 Attali
1249 4512 1326 4583 regis
1343 4513 1474 4585 tratrem,
1490 4515 1600 4585 ingenti
1613 4517 1714 4590 pralio
1736 4521 1791 4575 Au·

85 4620 140 4663 suo
159 4607 284 4677 symoni.
302 4608 434 4663 llortuus
447 4609 493 4662 est
509 4609 605 4661 autem
622 4608 652 4660 et
667 4603 822 4675 losephus,
838 4601 913 4672 ejus·
969 4602 1098 4659 tiochum
1119 4601 1188 4658 vicit
1210 4602 1262 4674 (cl.
1283 4602 1390 4673 llxan.).
1413 4603 1466 4669 Qui
1489 4620 1589 4676 pacem
1616 4621 1731 4677 rogans,
1754 4621 1788 4664 eo

85 4709 144 4766 que
155 4693 632 4765 mortecontigitsoditionempati
641 4691 779 4765 populum
792 4697 913 4764 propter
966 4697 1033 4768 jure
1044 4697 1171 4754 obtinuit
1190 4702 1221 4754 nt
1236 4697 1319 4754 annis
1335 4697 1457 4767 singulis
1468 4699 1667 4773 millqtalcnta
1680 4698 1790 4772 porsol-

84 4782 164 4841 lilios
180 4786 327 4855 epusllam
339 4786 499 4855 majoribus
511 4784 618 4840 bellum
629 4784 800 4853 gerentibus
810 4787 912 4839 contra

84 4870 912 4944 Hyrcanum,dissensitahinxiccmmultitudo,etplurcs

87 4961 206 5034 quidem
223 4963 530 5034 majoribuslratribus
546 4962 685 5020 auxilium
698 4962 828 5017 terebant
845 4975 911 5016 cum

89 5050 224 5123 principe
241 5054 427 5109 sacerdotum
445 5054 577 5123 Spmone,
596 5052 798 5123 quicognatus
810 5063 911 5105 eorum

84 5144 117 5195 et
133 5139 311 5196 affiniserat.
325 5142 475 5212 llyrcanns
485 5147 582 5197 autem
595 5140 748 5196 discedens
759 5138 795 5193 ab
812 5137 913 5194 lliero-

83 5227 191 5285 solima
203 5232 287 5287 trans
297 5233 463 5301 tordanem,
477 5230 580 5286 turrim
593 5229 632 5284 ibi
643 5229 798 5286 aedificarit
809 5227 913 5283 sirmis·

80 5318 186 5377 simam
201 5334 239 5378 ex
253 5320 350 5394 lapide
365 5320 443 5392 albo,
459 5324 489 5378 et
512 5324 604 5378 totam
628 5333 719 5390 usque
743 5317 780 5376 ad
802 5322 912 5374 terram

969 4791 1061 4856 verat,
1073 4792 1160 4857 atque
1175 4801 1210 4842 ox
1222 4786 1326 4842 Asiaet
1341 4788 1453 4856 Europa
1466 4789 1617 4857 recedens,
1632 4789 1706 4844 iutra
1718 4791 1789 4846 Tau·
1869 4826 1872 4837 «

969 4891 1033 4932 rum
1051 4880 1176 4930 rixantem
1193 4890 1224 4931 se
1236 4875 1401 4932 contineret
1416 4881 1444 4931 ot
1461 4877 1647 4932 Hannibalem
1662 4878 1789 4934 concita·

970 4962 1280 5020 torembellidederet.
1294 4964 1344 5033 (H.
1355 4963 1469 5033 mutini
1482 4965 1593 5033 lugiens
1606 4965 1640 5020 ael
1657 4966 1788 5023 Prusiam

970 5068 1066 5123 regern
1084 5051 1233 5123 bythiniae,
1246 5066 1310 5108 curn
1323 5067 1337 5108 a
1350 5052 1486 5108 Romanis
1503 5058 1715 5123 reposceretur,
1730 5069 1789 5122 pam

970 5141 1130 5199 tradendus
1150 5155 1292 5197 venenum
1309 5141 1392 5196 bibit.
1420 5141 1581 5198 Antiochus
1607 5157 1676 5198 veru
1702 5140 1792 5199 lilium

968 5230 1108 5301 Africani,
1125 5244 1209 5299 quem
1226 5234 1322 5285 utrum
1336 5229 1537 5301 explorantem
1553 5245 1589 5286 au
1606 5231 1683 5287 bello
1697 5229 1731 5263 ²⁷⁸
1746 5246 1793 5288 ce-

970 5321 1062 5393 pisset
1078 5319 1223 5376 incertum
1243 5321 1299 5391 est,
1322 5317 1400 5376 ultro
1420 5319 1544 5392 remisit,
1566 5319 1656 5379 lilium
1676 5333 1791 5393 quoque

760 5475 880 5535 VAlllE
907 5473 1112 5536 LECTlONES.

120 5617 157 5658 ”⁸
171 5633 198 5683 o.
215 5616 278 5695 regi
291 5618 318 5677 l.
335 5622 362 5679 a.
379 5617 457 5693 regis
473 5635 501 5680 o.
519 5622 561 5680 lo.
578 5618 620 5680 tl.
636 5617 671 5655 ⁸⁷⁸
685 5617 715 5677 h.
731 5633 755 5680 r.
771 5624 797 5677 b.
813 5616 849 5656 ²⁷⁰
861 5614 979 5701 generis
993 5617 1018 5681 l.
1033 5613 1068 5654 ’π
1082 5612 1201 5678 lucillus
1216 5615 1242 5676 s.
1257 5614 1300 5692 to,
1318 5618 1360 5674 10.
1376 5604 1411 5652 ²⁵⁸
1426 5628 1462 5675 aa
1477 5613 1505 5673 in
1522 5610 1599 5674 bello
1613 5612 1661 5674 tc.
