3788 5992
64 222 123 293 eat
501 212 722 283 CHRONICA.
739 197 1032 274 -CHRONIGON
1054 152 1331 278 untvunsatn.
1407 244 1417 255 .
1715 215 1776 283 982

65 360 146 436 genti
166 356 271 422 damno
292 358 441 438 prosilire,
464 360 624 438 redemptis
639 361 738 437 precio
752 361 895 438 ampliori,
913 352 939 416 Α
955 357 1024 421 hant
1037 361 1278 426 machinamenta.
1294 361 1366 434 Quid
1381 359 1496 426 moror?
1511 364 1557 423 Sic
1568 379 1620 440 per
1631 364 1692 429 dies
1703 379 1777 444 pene

67 469 142 527 ques
153 468 246 527 nuper
258 451 469 526 distraxerant,
481 454 575 527 cquis,
589 456 624 513 ad
636 468 747 524 necem,
758 453 896 526 fugiendo
952 454 1083 526 aequasi
1107 455 1221 527 signum
1248 455 1283 516 ad
1307 457 1433 528 sagittas
1456 457 1595 530 expositi,
1612 459 1654 516 sic
1668 458 1778 519 cotidie

67 548 191 604 mortem
208 543 263 618 ¹⁴⁰¹,
278 559 447 618 properare.
471 547 529 602 Nos
548 559 664 617 quoque
685 546 785 603 eadem
808 545 895 604 animi
951 547 1098 616 tamquam
1120 561 1189 604 oves
1213 548 1370 606 occisionis
1393 549 1530 617 estimati,
1553 548 1668 607 tandem
1686 549 1714 606 in
1728 564 1777 606 ex·

67 631 220 693 nutatione
234 633 284 690 diu
300 632 481 705 multumque
494 634 602 705 vexati,
617 633 734 691 tandem
750 633 827 691 inter
842 647 895 693 ees
950 637 1042 692 trema
1056 636 1114 707 jam
1131 642 1211 695 serie
1227 638 1325 710 positi,
1343 653 1491 696 nemorum
1504 653 1535 697 se
1546 638 1671 696 saltibus
1685 640 1775 696 necin

66 722 115 794 qui
127 721 231 780 sesalo
243 722 365 780 credere
379 727 630 797 presumpserant,
648 724 744 781 divina
761 722 894 782 miserias
951 725 1081 797 tradunt,
1103 743 1247 786 morosam
1263 729 1315 786 sed
1330 733 1440 787 certam
1457 729 1512 786 sibi
1528 735 1651 787 mortem
1666 727 1776 786 accele-

68 815 186 870 nestras
200 812 384 882 gubernante
404 813 568 884 clementia,
587 815 677 885 toppo
691 819 808 885 portum
824 815 892 885 post
950 829 1015 872 rare
1031 819 1180 890 satagunt,
1197 819 1329 890 quamvis
1344 818 1528 890 paucissimis
1541 818 1606 889 larga
1620 819 1775 891 quicquam

67 916 120 959 sex
143 899 321 958 ebdomadas
346 902 497 973 attigimus
511 900 622 975 (detq),
640 903 815 961 benedictus
840 915 893 976 per
947 903 1136 962 emolumenti
1148 908 1316 978 contulerit,
1334 913 1433 981 preter
1445 906 1522 978 quod
1534 908 1660 964 emnium
1673 907 1774 966 ultima

64 989 159 1048 omnia
174 990 258 1048 lesus
274 991 425 1049 christust
948 993 1006 1050 iata
1022 993 1168 1052 tardantia
1183 997 1405 1054 consummavit.
1424 998 1492 1054 Nam
1505 997 1610 1053 datam
1622 996 1775 1053 innumero

135 1084 146 1104 '
162 1079 294 1153 Reliqua
310 1081 402 1153 tejas
416 1080 491 1139 acrei
508 1079 562 1139 doe
577 1081 636 1139 loce
652 1079 759 1139 desum
771 1079 802 1134 li.
950 1083 1056 1154 populo
1070 1084 1130 1155 liei,
1148 1085 1218 1142 heu!
1237 1087 1308 1143 heu!
1326 1101 1383 1143 non
1394 1087 1541 1143 credimus
1553 1085 1631 1142 mille
1642 1087 1721 1143 viros
1734 1097 1775 1143 re·

137 1169 162 1192 ‘⁶
176 1168 307 1241 Reliqua
319 1171 411 1242 tejas
423 1171 497 1227 unni
511 1170 619 1229 desunt
630 1170 659 1226 Β.
948 1173 1102 1244 mansisse,
1123 1189 1194 1245 ques
1213 1180 1317 1247 postea
1333 1175 1381 1232 vix
1397 1175 1513 1233 ossibus
1529 1175 1666 1232 herentes
1681 1176 1772 1246 Rode,

136 1259 173 1283 '**
189 1275 216 1330 p.
234 1260 273 1314 lte
293 1261 376 1331 eujus
397 1261 438 1316 rei
458 1263 563 1344 eventu
587 1260 659 1343 alias
681 1258 798 1345 plenius
821 1255 893 1314 scri·
948 1262 1048 1332 Papho
1076 1264 1251 1335 eaeterisque
1276 1267 1429 1335 portubus,
1455 1279 1538 1320 raros
1563 1269 1658 1321 autem
1684 1265 1772 1321 etiam

170 1335 253 1403 l)tum
269 1330 419 1388 habemus·
439 1333 467 1388 C·
483 1330 613 1402 reteque
629 1343 757 1388 maesta.
947 1351 1190 1421 toppevidimus;
1203 1367 1219 1408 e
1230 1353 1337 1423 quihus
1350 1352 1774 1410 bernharduscomesetllein·

102 1439 194 1495 Perre
213 1437 364 1495 exereitus
384 1437 569 1507 universalis,
589 1439 625 1494 ah
646 1437 823 1510 imperatore
842 1438 895 1492 300
950 1438 1029 1496 ricus
1046 1455 1145 1497 eomes
1165 1442 1386 1513 Ratisponensis
1407 1442 1605 1500 iherosolimae
1625 1441 1771 1512 obierunt,

68 1525 270 1600 Thureopolis‚
289 1527 336 1598 qui
351 1526 482 1596 legiones
497 1531 566 1598 apto
582 1527 687 1584 itinere
703 1526 892 1583 deducerent·
950 1527 1007 1584 dux
1023 1543 1093 1584 vero
1108 1528 1250 1587 Wainllus
1264 1529 1309 1564 ¹⁶⁹⁴
1323 1532 1500 1588 revertendo
1519 1532 1654 1602 moriens,
1674 1530 1772 1603 Papho

67 1616 208 1690 acceptis,
224 1621 327 1674 contra
340 1616 536 1674 Nicomediam
550 1617 687 1685 vertitur,
701 1615 826 1685 indeque
839 1613 896 1669 lie·
949 1616 1148 1675 esthamatus.
1162 1618 1241 1675 lnter
1251 1619 1448 1686 longissimam
1460 1620 1640 1677 cruciatuum
1652 1635 1772 1677 suorrrm

63 1705 189 1763 maniam
208 1705 370 1775 declinans,
387 1706 421 1762 ad
439 1705 633 1776 aquilenalem
658 1705 769 1777 plagam
790 1705 892 1759 contra
906 1748 934 1813 B
950 1705 1121 1776 hystoriam,
1138 1722 1222 1776 quam
1239 1708 1284 1764 hie
1300 1713 1401 1765 texere
1416 1722 1470 1764 nee
1490 1709 1552 1779 ipsa
1571 1708 1771 1779 compendiosi

66 1800 175 1852 terram
200 1793 399 1864 chorizanam,
427 1808 490 1864 quac
514 1794 692 1851 Thurcorum
715 1797 760 1848 est
785 1789 890 1862 patrie,
949 1794 1036 1862 hujus
1058 1796 1157 1867 operis
1178 1798 1342 1867 proprietas
1367 1796 1521 1866 permittit,
1540 1796 1576 1852 dc
1589 1797 1772 1855 nostratibus

65 1880 259 1940 convertitur.
275 1882 634 1954 Lucaquippeliomaniae‚
651 1881 803 1952 quaecirca
818 1880 892 1935 stra·
949 1883 1181 1956 archipiscopum
1207 1884 1447 1954 salzburgensem
1469 1884 1632 1941 tiemonem
1656 1882 1702 1919 ¹⁸⁹⁸
1725 1898 1772 1942 ca·

66 1978 125 2028 tam
138 1969 284 2044 publicam
294 1975 389 2040 erant,
399 1971 536 2043 perjurus
547 1969 664 2026 hierius
676 1969 889 2036 devastaverat,
948 1977 1040 2043 ptum,
1064 1973 1247 2029 marchisiam
1263 1975 1295 2029 N.
1312 1973 1498 2042 trucidatam,
1523 1971 1597 2030 duos
1621 1973 1772 2030 Brunones

61 2060 130 2117 dum
144 2058 256 2116 nestris
268 2058 296 2114 in
309 2058 461 2115 Antiochia
479 2058 587 2115 dudum
604 2057 736 2115 obsessis
750 2055 890 2113 auxilium
946 2061 1112 2131 canonicos,
1130 2061 1245 2118 nobiles
1268 2062 1357 2132 viros,
1375 2062 1469 2119 inedia
1495 2061 1603 2132 sitique
1627 2061 1770 2120 deiecisse

61 2148 139 2205 terre
155 2161 212 2204 non
229 2147 352 2203 auderet
370 2150 400 2203 ut
414 2146 576 2217 juraverat.
600 2149 754 2217 suspectus
773 2142 888 2201 scilieet
947 2149 1128 2215 reierehant;
1146 2150 1180 2206 de
1197 2151 1307 2205 Latinis
1330 2164 1401 2204 vero
1425 2149 1609 2222 principibus
1633 2147 1771 2206 Willihel·

60 2242 167 2293 extunc
183 2238 244 2292 tam
260 2235 379 2291 Francis
394 2249 478 2305 quam
498 2234 629 2290 Thureis
648 2235 768 2304 insuper
783 2229 889 2287 milicia
946 2252 1032 2305 murn,
1064 2237 1286 2307 Regiorundnrn,
1319 2237 1505 2308 Stephanum,
1537 2243 1769 2310 caeterorumque

60 2324 122 2382 haec
139 2338 241 2382 nomen
258 2324 313 2381 sibi
328 2323 424 2380 iacere
438 2325 465 2379 in
482 2323 629 2392 gentibus,
648 2319 889 2393 quemadmodum
945 2323 1071 2394 aliquam
1088 2328 1199 2396 partem
1217 2339 1371 2396 superesse
1389 2325 1534 2381 dicebant.

20 2462 27 2468 .
61 2413 202 2483 anterior,
226 2412 397 2485 proposuit;
418 2412 479 2481 scd,
497 2417 528 2467 ut
543 2411 584 2466 rei
603 2410 736 2482 probavit
753 2412 888 2465 eventus»
980 2414 1051 2468 Itum
1067 2413 1129 2470 haec
1145 2415 1184 2470 ita
1200 2417 1353 2483 certantur,
1369 2426 1421 2469 nec
1437 2413 1482 2469 his
1498 2413 1546 2483 qui
1557 2411 1687 2470 intudea
1699 2419 1766 2471 sunt

59 2501 165 2560 divinae
175 2500 203 2558 id
214 2500 460 2573 predestinationi
472 2515 529 2557 non
540 2498 728 2571 complacuit.
742 2499 811 2554 llam
822 2500 889 2552 ante
945 2500 1118 2558 Christianis
1138 2501 1279 2571 parcitur,
1295 2500 1346 2558 sed
1364 2504 1420 2556 tam
1436 2500 1472 2558 ab
1489 2500 1665 2558 Ascalonitis
1679 2505 1767 2573 atque

60 2605 171 2664 paucos
182 2589 245 2646 dies
257 2589 332 2646 idem
345 2588 447 2662 pagani
460 2589 489 2644 in
501 2587 770 2657 longobardorum,
783 2590 813 2643 nt
826 2599 889 2658 pre·
943 2589 1129 2646 Damascenis
1143 2590 1288 2647 cotidiana
1304 2588 1457 2671 latrocinia
1473 2602 1557 2658 quam
1571 2603 1585 2644 a
1601 2587 1767 2660 Babyloniis

62 2679 182 2737 missum
195 2681 252 2749 est,
269 2677 319 2734 vix
335 2677 434 2750 tepido
457 2676 597 2747 sanguine
621 2676 776 2732 hebetatos
801 2678 887 2731 antea
945 2675 1020 2732 bella
1032 2682 1182 2748 parantur.
1195 2680 1264 2735 Post
1277 2677 1327 2732 ltai
1341 2677 1447 2748 quippe
1459 2676 1602 2734 Kalendas
1612 2691 1669 2735 nen
1680 2677 1767 2748 longe

62 2765 177 2837 gladios
196 2766 385 2835 duraverant,
404 2764 529 2835 indeque
545 2763 675 2833 animati,
691 2768 750 2819 tarn
766 2761 887 2818 inunitae
943 2778 957 2818 a
974 2765 1060 2821 Rama
1076 2771 1171 2822 castra
1190 2769 1316 2822 metatus
1330 2767 1376 2820 ost
1392 2763 1585 2834 babylonicus
1604 2764 1764 2834 exereitus,

62 2853 242 2912 multitudini
255 2853 431 2912 bellatorum
442 2853 583 2911 resistere
596 2851 813 2924 presumebant.
824 2852 886 2907 Non
941 2856 1139 2926 contraquam
1152 2854 1243 2910 aciem
1255 2853 1362 2910 direxit
1376 2851 1421 2886 ¹⁶⁹⁶
1432 2866 1482 2906 rex
1496 2850 1682 2921 balduvinus,
1696 2867 1766 2909 sues

62 2942 154 3000 multo
169 2943 236 3015 plns
251 2956 336 3012 quam
354 2945 480 3012 quatuor
496 2944 579 2997 erant
596 2939 676 2996 milia
694 2940 883 3008 thurcorum,
941 2940 1077 2998 hortatus
1093 2946 1126 2997 ut
1140 2941 1215 2998 sicut
1230 2946 1297 2996 ante
1311 2953 1422 3012 paucos
1435 2939 1499 2997 dies
1513 2954 1564 3011 per
1578 2940 1626 2996 liei
1640 2941 1764 3010 gratiam

57 3031 107 3102 qni
126 3036 223 3088 tamen
239 3030 296 3102 ipsi
312 3029 399 3086 electi
412 3032 441 3086 et
458 3029 541 3100 equis
565 3027 770 3099 velocissimis,
797 3026 886 3084 armis
940 3044 1029 3102 parva
1042 3044 1127 3086 manu
1140 3029 1257 3086 multam
1272 3028 1307 3084 dc
1319 3028 1424 3084 Arabia
1440 3028 1558 3099 predam
1572 3027 1710 3099 tulerant,
1724 3028 1763 3086 ita

57 3119 184 3193 telisque
195 3133 229 3177 ac
239 3119 399 3189 sagittandi
416 3118 519 3191 peritia
531 3117 617 3174 nimis
629 3116 779 3185 instructi,
795 3116 885 3172 tortu·
900 3102 925 3165 C
941 3131 1016 3174 nune
1031 3118 1157 3176 hostiurn
1175 3116 1354 3175 multitudini
1370 3131 1425 3173 uon
1439 3117 1553 3173 cedant.
1572 3115 1706 3185 Ittoraeen,
1723 3115 1765 3174 in·

56 3222 121 3266 nam
138 3221 221 3265 suam
237 3219 289 3264 seu
305 3205 444 3263 virtutem
469 3204 560 3275 ignoti
585 3202 732 3260 exercitus
756 3199 883 3273 experiri
941 3207 1014 3278 quit,
1026 3205 1486 3277 datmnnoicnmeaoctperieute
1495 3205 1676 3263 mariamnae!
1689 3207 1764 3264 Eece

56 3289 885 3374 potiusexplerandoquamapertecongrcdiendovcnie·
940 3292 1763 3366 tetiamotoeemctttes,qucuotim¹⁶⁹⁷optactmus,pro

57 3387 137 3444 bant.
165 3384 245 3441 ttnue
270 3381 403 3454 inprimis
427 3380 667 3438 latrocinantium
683 3392 763 3436 more
779 3376 885 3448 vulgus
938 3384 1149 3456 qnopateiom,
1154 3382 1296 3454 parentes
1303 3379 1760 3454 pacemqueeeeontempstmm.

56 3477 221 3532 extremum
243 3470 382 3541 diripere,
402 3473 468 3542 pest
490 3470 552 3526 haec
571 3481 677 3540 capere
696 3465 743 3523 vel
766 3465 882 3536 cedere,
938 3471 1034 3528 Porro
1039 3486 1096 3543 pro
1109 3471 1221 3529 Olristt
1234 3470 1399 3528 hereditate
1409 3469 1512 3528 conda
1524 3469 1675 3528 inceseret
1684 3469 1763 3528 Sart-

54 3559 161 3618 deinde
173 3573 225 3632 per
236 3560 371 3631 competa
383 3560 600 3628 precurrentes,
613 3554 748 3613 incendio
760 3553 806 3610 vel
818 3568 885 3625 qno.
939 3561 992 3619 ete
1009 3562 1105 3618 rme
1110 3561 1316 3632 predonesque
1330 3559 1520 3628 attentamus
1532 3571 1668 3630 puqnere
1677 3557 1763 3616 deae·

57 3662 182 3719 cumque
209 3646 355 3703 molimine
385 3643 491 3717 pabula
519 3647 702 3717 prevastare,
727 3640 882 3713 aliquando
938 3648 1207 3719 sempiternom
1222 3646 1671 3718 talespeqnnqqamineertum,
1687 3648 1764 3705 meri

54 3738 146 3795 etiam
158 3751 210 3808 per
219 3735 337 3806 junceta
346 3733 392 3792 vel
401 3736 518 3790 carecta
528 3732 709 3803 gradientem
721 3730 882 3787 exercitum
935 3737 1109 3807 alarionem.
1122 3723 1595 3807 [rerepentemenetstietsepam
1607 3733 1692 3793 actu
1701 3735 1764 3791 eari-

55 3829 116 3884 tota
142 3825 189 3882 die
213 3823 336 3881 dammis
358 3822 405 3880 vel
430 3822 507 3878 inrrm
532 3835 648 3889 vexare,
676 3833 882 3891 rronnnnquam
940 3825 1187 3882 ttumoteteriam.
1203 3822 1764 3896 commodemusjamqeodtpatecprc-

55 3910 207 3972 iontes²⁸⁰⁸
218 3911 264 3970 vel
275 3911 420 3968 cisternas
435 3909 591 3980 obdurare,
606 3907 706 3965 alocis
721 3907 882 3965 tutioribus
939 3911 1037 3983 irunt,
1055 3911 1184 3969 macces
1197 3912 1319 3968 morum
1332 3925 1391 3967 con
1411 3910 1524 3980 timere,
1541 3910 1629 3965 imeae
1646 3909 1763 3968 Odriaii

53 3996 883 4072 telisiniestare‚pernoetesnunehacnuncillacastro·
933 3996 1762 4073 perecriaosautiaChristoce'ncereaatpre¹⁶⁹⁹ddrt²

54 4104 119 4149 rum
134 4093 218 4162 parte
234 4088 440 4159 irrumpentes,
457 4086 572 4143 cunctis
593 4083 825 4157 inquietudinem
840 4083 882 4142 in·
936 4088 1167 4148 abrnmicettet
1179 4085 1256 4143 Talia
1273 4086 1361 4144 multa
1375 4089 1529 4158 postquam
1543 4084 1703 4156 peroravit,
1716 4097 1761 4141 ar·

52 4179 141 4237 ierre.
154 4180 233 4234 inter
242 4178 304 4234 hac
313 4181 409 4232 tamen
421 4174 516 4232 omnia
528 4188 675 4243 nunquam
684 4173 746 4229 acie
756 4170 879 4244 directa,
937 4177 1028 4235 rectis
1043 4189 1161 4233 suorum
1176 4174 1289 4241 animis,
1302 4173 1375 4231 miro
1390 4173 1438 4229 liei
1454 4171 1663 4244 omnipotentis
1676 4178 1759 4241 nutu,

51 4279 201 4339 nunquam
222 4267 319 4321 trente
337 4267 438 4336 aperta
455 4278 535 4319 more
551 4260 747 4333 praeliantium
760 4275 881 4332 congre·
937 4264 1039 4335 ingens
1053 4265 1276 4319 sarracenerum
1291 4259 1417 4332 populus
1431 4257 1478 4315 arni
1493 4261 1605 4315 tantum
1617 4257 1664 4314 vel
1675 4257 1761 4330 paulo

53 4354 218 4424 diebantur,
232 4352 281 4411 sed
298 4351 506 4409 resistentibus
518 4350 671 4422 cedebant,
690 4351 880 4420 insequentes
937 4352 1003 4424 plus
1014 4351 1121 4422 legioni
1133 4355 1296 4407 nostratum
1311 4349 1409 4418 cessit,
1426 4347 1498 4404 adeo
1515 4346 1557 4403 uti
1571 4360 1607 4403 ne
1621 4345 1760 4416 congredi

52 4443 214 4514 rugiebant,
231 4443 414 4500 revertentes
428 4440 524 4497 denuc
538 4440 767 4510 subsequuntur.
786 4440 814 4496 Si
829 4437 880 4495 mi·
894 4458 921 4518 D
936 4440 1052 4513 quidem
1063 4441 1277 4511 presumerent,
1291 4436 1340 4494 scd
1354 4440 1419 4508 post
1430 4439 1598 4492 transactos
1609 4433 1720 4503 aliquot
1732 4433 1760 4490 in

53 4531 148 4589 serias
165 4530 231 4588 illas
245 4530 381 4588 omnibus
408 4527 533 4587 miseriis
557 4528 785 4586 miserabiliores
809 4527 878 4585 stilo
935 4529 1036 4586 eadem
1047 4527 1173 4585 statione
1182 4525 1244 4582 dies
1254 4525 1522 4597 turpiteretinacto
1535 4523 1674 4581 redirent.
1688 4523 1761 4582 Rur-

51 4618 192 4691 presequi
207 4616 290 4689 plene
304 4620 490 4687 temptamus,
507 4614 733 4686 possibilitatem
747 4614 834 4672 simul
847 4618 876 4671 et
934 4632 999 4676 sum
1015 4616 1093 4674 cirea
1110 4613 1251 4673 liniendas
1268 4615 1466 4686 Septembres,
1484 4628 1541 4685 qno
1557 4611 1673 4670 scilicet
1687 4614 1761 4669 tem·

50 4704 374 4771 modum.excediurus;
395 4703 444 4760 ubi
467 4703 592 4776 turpiter
612 4707 659 4760 tot
679 4702 802 4774 nobiles,
824 4718 877 4776 per
934 4720 1005 4779 pore
1026 4703 1265 4770 christianorum,
1287 4718 1361 4774 quos
1375 4708 1443 4760 ante
1457 4699 1690 4770 memoravimus,
1711 4698 1761 4756 ad-

50 4795 177 4867 inopiam
189 4796 235 4851 tot
245 4792 363 4864 divites,
376 4793 440 4850 sine
452 4793 529 4849 terro
540 4796 586 4848 tot
598 4792 876 4850 iortesoccubuisse
932 4793 1113 4852 vertentium
1131 4794 1205 4850 tama
1221 4790 1385 4863 Babyloniae
1405 4803 1492 4859 regna
1508 4791 1668 4855 terruerat,
1685 4787 1759 4844 inito

50 4884 216 4955 scierimus,
239 4882 307 4942 dum
325 4883 441 4942 domino
462 4896 566 4940 servus
587 4896 718 4953 presens,
735 4882 875 4955 locupleti
933 4882 1067 4952 consilio,
1077 4893 1274 4954 preoccupare
1284 4880 1486 4946 nostram,hoc
1496 4882 1541 4934 est
1552 4876 1759 4933 universorum

49 4972 174 5046 pecnnia
184 4971 330 5030 sufficiens
341 4971 455 5029 minime
465 4970 559 5041 quivit
567 4969 732 5042 subvenire,
743 4984 796 5027 nee
806 4970 874 5028 torti
932 4973 981 5044 qui
995 4975 1066 5028 tunc
1081 4971 1109 5027 in
1123 4971 1215 5028 iudea
1229 4969 1276 5026 vel
1288 4969 1315 5024 in
1327 4967 1442 5025 eunetis
1459 4965 1565 5022 dnibns
1577 4963 1636 5021 illis
1649 4963 1759 5036 reperi-

47 5059 132 5120 liauit
146 5074 283 5133 pugnare.
300 5061 372 5118 Loca
385 5059 492 5132 quippe
503 5059 604 5116 eadem
616 5062 700 5116 erant
711 5063 784 5127 arta,
799 5057 874 5116 invia
931 5067 1045 5130 rentur,
1058 5058 1247 5116 interneciem
1260 5055 1465 5127 disponebant,
1482 5052 1637 5123 missisque
1649 5051 1759 5123 episto·

48 5152 137 5222 atque
148 5147 360 5221 inhabitabilia,
368 5147 755 5220 hostibuscognitanostris
764 5148 872 5218 ignota,
930 5141 1129 5218 liobamascu
1144 5144 1263 5218 Tripoli,
1279 5142 1370 5213 dibel,
1385 5141 1561 5211 caeterisque
1575 5139 1709 5197 barbaris
1720 5139 1761 5196 ci·

48 5235 441 5311 quatentumbeipepulum
451 5235 892 5299 Alexiitraditorisincarcera-
914 5227 1752 5308 sitatibus,adversusnomen-Christianitatisseinvicem

727 5355 846 5413 VARIAE
864 5352 1065 5416 multones.

87 5445 163 5510 ’Μ
238 5461 286 5510 ter
313 5453 338 5507 1.
370 5447 417 5484 ¹⁶⁸⁸
432 5448 573 5507 iontes-
588 5450 726 5511 iniectare
741 5450 894 5513 drueth.
910 5453 944 5513 ti.
974 5451 1019 5486 ¹⁸⁹⁸
1048 5446 1200 5507 wellastl.
1231 5441 1276 5478 ¹⁰¹¹
1291 5443 1320 5498 Τ.
1337 5447 1363 5500 1.
1392 5440 1541 5499 ¹⁶“aeiem
1562 5438 1761 5500 balduwino8

63 5524 182 5581 nstrum
226 5521 258 5578 lt.
276 5521 309 5579 ll.
339 5518 384 5556 ¹⁶⁰²
398 5534 415 5580 e
428 5533 506 5581 cerr.
527 5525 552 5583 1.
564 5520 612 5557 ¹⁶⁶⁸
623 5535 722 5599 paceni
736 5524 769 5598 11,
786 5525 818 5583 ll.
834 5523 881 5561 ¹⁸⁹·
894 5524 924 5584 ln
938 5525 969 5583 n.
993 5524 1026 5581 li.
