3788 5992
62 239 141 316 leet
334 237 468 312 GESTA
482 238 662 313 TREVER.
679 283 719 294 —
733 241 899 309 APPEND
921 243 1079 314 EX.INV.
1098 235 1152 307 ET
1163 243 1245 308 lun.
1263 243 1297 309 S.
1314 236 1497 310 MATHIAE.
1687 239 1766 314 last

96 399 886 475 QuinquagenariusbomoquidamPulcri·montis(btb)
900 383 929 444 Α
943 402 1034 456 retur.
1051 398 1113 456 Hoc
1126 401 1278 470 tyrannus,
1293 397 1368 457 sicut
1385 406 1447 456 erat
1465 400 1613 470 sanguinis
1630 402 1764 463 avidissi-

62 492 173 564 nccola,
191 491 269 563 quod
284 495 329 549 est
344 491 498 550 Arduenno
514 491 587 548 silve
594 529 809 547 ........
826 487 888 560 qui·
943 502 1018 558 mus,
1036 486 1095 544 leto
1108 487 1239 559 suscepit
1254 488 1365 556 enimo;
1382 504 1493 561 pauper
1504 494 1600 547 autem
1611 505 1643 548 se
1655 508 1765 566 suoque

61 581 126 638 dam
142 581 285 650 ingenuus
300 580 344 636 vir
355 580 486 651 eiusdem
497 578 612 637 castelli
624 577 786 649 municeps.
808 618 835 632 ..
854 618 860 633 .
878 616 886 633 .
944 573 1071 632 dominio
1082 575 1162 633 illius
1172 576 1346 633 submittere
1358 577 1474 635 volebat
1488 578 1699 649 utquiesceret.
1709 581 1765 640 Sed

98 672 272 728 Suburbano
296 685 364 727 rure
390 670 467 741 quod
496 668 612 725 Treveri
643 667 755 737 adjacet
784 681 889 724 uersus
943 663 992 720 ille
1004 663 1189 722 rennuit.bie
1203 664 1294 734 igitur
1305 664 1383 722 dicta
1399 670 1541 723 venerunt
1557 668 1641 724 ambo
1657 667 1765 728 locum-

61 759 227 832 aquilonem
246 760 324 817 circo
342 763 456 831 portam
472 757 607 814 ltareiam
611 796 717 813 .....
943 767 999 824 que
1014 752 1103 811 duelli
1121 753 1426 824 intrantescongressi
1439 759 1518 824 sunt,
1532 756 1594 826 pari
1605 757 1772 829 certamine¹

98 850 181 920 Apud
198 847 327 918 Fuldam,
339 862 394 919 quc
406 851 451 904 est
462 846 582 903 Francis
597 845 771 916 Teutonicae,
783 843 888 901 mulier
942 841 1055 899 uiribus
1070 842 1206 913 impares.
1224 841 1348 899 Attrivit
1358 841 1404 876 mo
1414 844 1489 899 enim
1506 849 1648 915 tyrannus
1660 860 1767 919 paupe·

62 938 188 1010 quedam
204 943 322 1008 pontem
337 935 640 993 ssu1ninistransitura
645 975 752 991 .....
942 945 1003 986 rom
1020 943 1092 1003 pene
1116 931 1259 1002 usquead
1281 930 1473 1001 dedicionem,
1491 931 1582 989 donec
1598 935 1767 1007 compulsus

97 1045 166 1100 Em
183 1043 300 1116 quidam
330 1043 586 1113 mammenus,
615 1041 826 1099 ,ieupdivjcfis
847 1041 887 1098 ‚50
942 1019 1035 1076 asnis
1048 1031 1152 1116 nornen
1163 1019 1257 1117 sancti
1272 1019 1376 1076 liatbie
1388 1019 1538 1077 invocaret
1554 1035 1676 1093 pauper,
1695 1022 1767 1081 divi-

61 1133 235 1191 babundans
259 1132 348 1189 etiam
363 1131 463 1200 viciis;
481 1132 529 1203 qui
546 1132 668 1188 cedibus
684 1135 714 1187 et
730 1130 841 1203 rapinis
857 1128 886 1186 in
941 1111 1000 1164 ‘⁰¹¹¹
1015 1106 1506 1210 ¹¹9⁰}0211dnfflcerssl3cloccideret.
1521 1111 1556 1210 lit
1572 1109 1704 1169 salvatus
1719 1115 1766 1171 ost

61 1221 250 1280 viciuossuos
257 1226 421 1291 grassatus,
433 1220 578 1278 uiolenter
588 1219 682 1277 omnia
690 1217 888 1291 depopulaba·
941 1210 1060 1266 ⁸²⁰ss¹¹¹⁵
1075 1210 1211 1254 ¹⁰⁰⁰x¹¹¹⁸
1228 1201 1340 1254 mem
1354 1197 1433 1255 b⁰³l¹
1449 1200 1572 1258 flamm·

61 1315 118 1369 tur.
137 1309 259 1378 Quidam
276 1315 373 1367 autem
388 1308 504 1367 illorum
519 1324 594 1380 quos
609 1307 717 1377 injuste
731 1307 885 1378 afflixerat,
945 1325 1761 1351 ···························

60 1396 178 1456 domum
190 1398 269 1457 illius
283 1398 342 1468 igni
367 1397 517 1455 succendit
528 1402 558 1453 et
568 1396 689 1467 aufugit.
703 1397 740 1451 nt
750 1395 798 1450 ille
809 1395 886 1452 sicut
975 1393 1062 1450 Juxta
1078 1397 1194 1465 pontem
1212 1391 1329 1450 bloselle
1344 1393 1461 1465 quidam
1476 1396 1618 1466 puerulus
1632 1399 1766 1459 navicula

60 1488 237 1544 oratmeutis
254 1486 438 1558 perversam
455 1486 598 1557 quendam
608 1498 765 1556 pauperem
774 1482 885 1539 crimen
940 1481 1081 1538 excidens
1093 1482 1263 1540 submersus
1273 1488 1327 1539 est.
1348 1481 1430 1549 Quod
1442 1482 1671 1556 vidensquidam
1683 1489 1767 1560 juve·

60 1576 161 1648 injecit
176 1580 207 1634 et
223 1590 275 1647 pro
301 1573 439 1632 tribunali
453 1573 546 1646 iudici
569 1572 651 1630 illum
667 1571 784 1629 detulit.
802 1570 885 1638 Quod
941 1569 986 1627 nis
1001 1570 1134 1627 uestibus
1150 1570 1367 1642 abjectisaquaa
1379 1572 1501 1645 insiluit,
1516 1579 1546 1630 et
1558 1575 1705 1634 inventum
1717 1591 1766 1635 ex·

59 1660 369 1736 cumperadvoeatum
380 1677 465 1725 suum
476 1676 587 1734 pauper
598 1676 630 1718 ae
642 1662 883 1732 iecissenegaret,
939 1657 1057 1716 trabere
1071 1659 1181 1731 uolens,
1199 1661 1323 1731 maligno
1348 1661 1456 1733 spiritu
1485 1665 1665 1736 retrahente,
1681 1681 1765 1738 quem

60 1753 96 1810 ad
108 1751 289 1811 boctandem
313 1750 540 1822 causadevenit,
554 1754 586 1808 ut
597 1749 696 1808 duello
710 1748 885 1806 determina·
939 1747 1105 1821 Neptunum
1121 1751 1237 1821 vocant,
1254 1747 1345 1807 semel
1360 1752 1389 1806 et
1406 1750 1536 1809 secundo
1550 1744 1698 1824 perdidit.
1722 1796 1728 1811 .
1753 1796 1761 1812 .

705 1876 732 1929 a.
754 1875 804 1932 lic
819 1871 917 1932 codice
933 1872 1115 1931 Trcoerecst.

97 2007 121 2059 t.
133 2005 214 2060 Anno
225 2000 307 2059 verbi
318 2000 463 2058 incarnati
474 2001 553 2070 tulo,
574 1999 668 2072 primo
689 2014 764 2057 anno
776 1998 883 2057 domini
898 2001 926 2063 Β
941 1997 1070 2069 dustria,
1087 2012 1140 2055 uec
1168 2002 1270 2070 posset
1285 1997 1312 2057 ei
1328 1999 1477 2072 resistere,
1495 2001 1560 2074 quio
1577 2018 1679 2077 magna
1694 2022 1765 2080 pars

62 2090 193 2162 Gregorii
209 2104 282 2163 pape
297 2088 376 2159 noni,
405 2093 548 2161 regnante
562 2088 690 2161 glorioso
706 2089 885 2161 imperatore
940 2086 1066 2146 militum
1080 2102 1200 2145 suorum
1216 2103 1231 2144 a
1247 2088 1381 2160 predicto
1396 2091 1551 2149 cuonrado
1563 2093 1676 2164 signata
1688 2101 1763 2171 erat,

60 2179 218 2250 tridecim,
231 2178 346 2236 laventc
356 2179 426 2250 lieo,
443 2177 491 2251 qui
508 2176 603 2235 omnia
625 2193 680 2249 que
695 2177 758 2236 vult
772 2178 840 2236 lacit
856 2177 885 2234 in
940 2190 994 2234 neo
1018 2176 1097 2233 vires
1120 2189 1189 2234 suas
1218 2174 1304 2234 bellis
1332 2177 1468 2236 inanibus
1497 2181 1574 2251 regis
1599 2184 1765 2255 expendere

59 2268 125 2327 celo
139 2274 169 2327 et
185 2269 213 2324 iu
231 2273 323 2339 terra,
339 2266 368 2324 in
384 2266 457 2323 mari
471 2271 500 2324 et
516 2267 544 2323 iu
559 2266 694 2324 omnibus
703 2266 827 2339 abyssis,
835 2267 884 2340 qui
940 2264 1045 2332 vellet;
1070 2264 1170 2322 lurore
1194 2264 1283 2321 nimio
1311 2271 1475 2323 commotus
1490 2274 1520 2324 et
1546 2269 1654 2340 spiritu
1683 2273 1766 2330 mali·

59 2355 196 2431 producit
206 2356 299 2414 nubes
313 2356 350 2412 ab
364 2354 506 2412 extremis
520 2359 601 2412 terre
612 2354 708 2426 (Psoi.
717 2369 830 2426 cauum,
844 2355 884 2429 7,)
939 2366 996 2424 gno
1012 2352 1189 2425 exagitatos,
1204 2357 1296 2411 totam
1324 2353 1394 2410 iram
1410 2369 1491 2413 suam
1508 2356 1536 2413 in
1561 2358 1657 2430 ipsum
1674 2361 1766 2420 Cucu-

59 2442 886 2519 predicatoresvidelicetsancteCrucis,quiubiqueter·
939 2443 1042 2500 redum
1067 2442 1216 2499 effundere
1240 2441 1346 2514 voluit,
1373 2447 1474 2515 utpote
1496 2446 1544 2517 qui
1568 2459 1658 2505 causa
1673 2450 1764 2508 luerit

61 2533 510 2592 rarumdiscurrentesetcrucis
520 2533 837 2607 gloriampredicantes
847 2548 885 2591 ax
940 2534 1021 2588 tante
1034 2530 1223 2590 discessionis
1232 2531 1277 2588 sui
1288 2531 1449 2602 exercitus,
1461 2537 1489 2588 et
1504 2532 1646 2593 inminuta
1656 2538 1764 2598 milicia

59 2622 194 2680 omnibus
209 2622 347 2692 gentibus
362 2627 393 2678 et
414 2621 533 2695 populis
546 2627 576 2679 et
588 2623 725 2680 tribubus
736 2627 765 2680 et
777 2622 884 2693 linguis
940 2621 1019 2690 regis
1034 2619 1186 2679 minuisset
1216 2620 1365 2677 bonorem.
1383 2621 1476 2690 igitur
1500 2625 1631 2683 accensis
1647 2628 1761 2701 animis,

59 2710 247 2782 signaverunt
264 2725 365 2769 servos
380 2710 431 2767 liei
445 2716 474 2768 et
489 2710 598 2769 milites
614 2712 722 2769 Christi
739 2712 767 2768 in
783 2710 884 2768 ironti·
940 2710 1086 2767 notarium
1107 2724 1191 2767 suum
1216 2709 1322 2767 ascivit
1337 2724 1454 2767 munera
1469 2711 1599 2782 ingencia
1615 2716 1761 2790 promisit,

60 2798 350 2858 buscorum.Sensus
365 2800 477 2858 enimet
492 2799 881 2873 cogitaciobumnnieordis,
938 2801 967 2854 et
977 2811 1043 2855 cum
1058 2798 1088 2855 in
1112 2812 1211 2855 necem
1226 2798 1372 2856 cuonradi
1389 2801 1522 2858 armavit.
1546 2801 1618 2868 Quia
1629 2818 1700 2876 ergo
1715 2820 1764 2879 pe·

59 2902 116 2959 que
132 2887 167 2945 ad
183 2887 290 2948 malum
305 2903 396 2961 prona
413 2893 458 2946 est
473 2890 551 2946 omni
568 2893 709 2963 tempore,
735 2892 772 2947 ab
787 2889 884 2947 adole·
939 2886 1024 2945 cunio
1040 2884 1180 2944 obediunt
1207 2888 1303 2945 omnia
1326 2894 1355 2945 et
1370 2903 1488 2946 mouera
1515 2897 1657 2950 excecant
1670 2895 1763 2954 eciam

59 2977 171 3035 scentia
186 2991 237 3036 sua
267 2977 486 3050 promptissima
510 2978 625 3035 reddito
641 2984 686 3036 est
703 2979 732 3036 in
759 2978 883 3049 gloriam
938 2974 1040 3034 oculos
1064 2975 1229 3048 sapientum
1259 2975 1356 3048 (Dect.
1373 2993 1431 3050 xvi,
1449 2977 1504 3051 19),
1527 2986 1685 3040 excecatus
1699 2998 1763 3056 pre
1855 3010 1861 3014 ·

60 3065 203 3123 Cbristiet
216 3065 251 3122 ed
267 3067 463 3123 reverentiam
479 3066 699 3138 sanctedrucis,
712 3067 780 3125 dum
794 3067 823 3125 in
839 3081 883 3125 re·
938 3065 1047 3136 missis,
1063 3064 1171 3123 obtulit
1182 3081 1213 3123 se
1225 3065 1253 3122 iu
1268 3065 1493 3125 decollacionem
1506 3067 1680 3129 innocentis.
1693 3073 1763 3130 nul·

59 3154 228 3215 missionem
243 3154 370 3213 omnium
390 3159 579 3227 peccatorum
595 3154 769 3228 populorum
787 3156 884 3215 molti·
937 3153 1064 3213 titudine
1077 3169 1147 3227 ergo
1158 3154 1250 3211 instar
1260 3170 1366 3212 corone
1377 3156 1597 3229 circumstante,
1610 3162 1706 3217 stabat
1714 3162 1763 3220 ille

59 3244 179 3303 tudines
205 3243 393 3316 signarentur
407 3248 437 3301 et
453 3244 481 3300 in
498 3244 604 3301 milicia
621 3243 677 3302 celi
689 3245 757 3302 boui
774 3245 882 3304 milites
938 3243 1319 3314 regisnotariusevaginato
1330 3243 1761 3318 gladio,etpredicatorcrucia

59 3332 882 3408 Cbristiconscriberentur.Undeetgloriosusimperator
898 3364 923 3428 C
938 3333 1188 3404 propteruerbum
1202 3333 1299 3389 crucis
1314 3333 1340 3388 in
1354 3334 1468 3391 modum
1479 3336 1578 3392 crucis
1593 3339 1762 3410 totusjace·

59 3421 224 3480 Fridericus
245 3423 359 3494 signum
384 3422 489 3480 salutis
516 3423 691 3497 suscipiens,
721 3425 837 3482 nonnisi
853 3426 882 3483 in
938 3419 987 3476 bal
1003 3425 1160 3492 porrectus
1184 3419 1212 3476 iu
1237 3424 1326 3478 terra·
1343 3421 1366 3477 0
1381 3423 1581 3494 spectaculum
1597 3426 1758 3486 notariuml

56 3525 144 3568 cruce
155 3512 263 3569 domini
280 3512 373 3572 uestri
386 3513 475 3570 ibesu
490 3513 597 3570 Christi
622 3513 743 3584 gloriari
760 3514 854 3572 voluit
873 3532 880 3582 ;
937 3506 1102 3580 oiniquitas
1113 3524 1168 3580 que
1187 3509 1339 3579 egreditur
1353 3523 1368 3565 a
1381 3510 1453 3567 lacie
1472 3515 1565 3568 terre!
1576 3514 1650 3571 Fons
1663 3518 1761 3573 turbe·

56 3599 199 3670 procujus
214 3600 610 3658 ildeetdeuocioneuuiversi
619 3601 821 3672 crucesignati
833 3617 883 3672 ga·
936 3600 986 3654 tus
996 3598 1080 3669 pede,
1090 3597 1189 3669 justus
1201 3598 1308 3656 cadens
1320 3603 1386 3655 ante
1398 3599 1499 3657 laniem
1508 3604 1683 3673 peccatoris.
1698 3607 1760 3663 Stat

56 3687 112 3743 visi
129 3693 196 3745 sunt
209 3688 315 3759 gaudio
327 3702 430 3758 magno
448 3687 544 3745 valde.
557 3690 611 3745 Cor
622 3703 743 3756 pravum
756 3689 882 3749 bominis
937 3684 1043 3757 inpius,
1053 3687 1254 3758 jacatjustus;
1266 3692 1295 3744 ei
1308 3693 1339 3745 ui
1355 3689 1520 3762 capntjusn
1532 3697 1673 3764 amputet,
1683 3696 1762 3752 larus

55 3779 84 3832 et
96 3775 288 3833 incrustabile
305 3775 456 3847 deabysso
479 3775 559 3832 dedit
571 3790 673 3833 uocem
686 3792 779 3849 suam,
796 3783 825 3834 ct
842 3778 881 3834 al·
936 3773 1758 3853 gladiatoradest.Prostratusitoqueetmortiproximus.

57 3864 153 3921 titudo
164 3870 280 3922 terrene
292 3864 445 3935 diguitatis
456 3879 558 3922 monus
572 3880 641 3924 suas
651 3867 687 3923 ad
701 3866 882 3925 celurnleva·
936 3867 1000 3919 orat
1015 3868 1044 3918 et
1061 3869 1210 3935 precatur,
1228 3871 1259 3921 ut
1273 3866 1421 3922 tantillum
1437 3868 1464 3922 ei
1481 3868 1601 3925 daretur
1615 3872 1758 3944 spacium,

56 3953 108 4009 vit.
121 3954 162 4009 Ex
173 3951 296 4010 istorum
313 3953 404 4023 igitur
419 3968 540 4010 numero
556 3953 882 4028 predicatorumpredi·
938 3966 995 4023 quo
1005 3953 1218 4009 contessionem
1234 3953 1329 4010 iecere
1341 3960 1371 4010 ot
1395 3970 1502 4027 corpus
1517 3958 1627 4012 bomini
1644 3973 1760 4016 sumere

56 4046 140 4099 cator
156 4056 231 4099 unus
251 4042 402 4099 Cunradus
417 4042 532 4100 nomino
546 4043 669 4102 nacione
686 4044 831 4101 ilalleusis
846 4075 882 4088 -
937 4043 1050 4111 posset.
1062 4042 1134 4098 lium
1144 4040 1194 4097 ille
1209 4056 1314 4114 preces
1326 4042 1471 4113 lunderct,
1483 4048 1513 4099 et
1524 4044 1760 4117 timoreregis-

55 4145 112 4204 que
131 4130 235 4188 civitas
258 4130 444 4204 imperatoris
458 4136 502 4188 est
524 4131 554 4189 in
583 4132 688 4190 Sueuia
701 4164 735 4175 -
749 4133 829 4191 uenit
844 4135 881 4192 ad
937 4146 1032 4189 sermo
1047 4130 1123 4188 euim
1145 4130 1225 4200 regis
1249 4130 1421 4201 urgebat-
1437 4131 1576 4188 nemoilli
1603 4137 1760 4196 subvenire

56 4221 193 4277 abbatem
205 4219 347 4291 Cystorcii
356 4219 468 4277 ordinis
476 4219 503 4277 iu
513 4221 686 4278 walrebach
701 4221 880 4296 (617)-que
936 4224 1121 4293 presumeret
1134 4238 1140 4275 :
1152 4233 1220 4276 ecco
1232 4218 1289 4275 lilia
1302 4219 1393 4292 ipsius
1403 4220 1490 4292 regis,
1503 4221 1617 4295 irrupta
1632 4225 1759 4298 undique

56 4309 177 4366 abbacia
190 4309 301 4366 sitaest
314 4309 342 4366 in
358 4309 757 4382 episcopatouanesbonensi
768 4311 797 4367 iu
812 4325 880 4369 con·
936 4308 1191 4367 circumstancium
1209 4308 1406 4380 multitudine,
1427 4309 1536 4368 nudato
1561 4313 1657 4384 capite
1673 4313 1759 4371 adre-

56 4398 123 4457 iluio
136 4400 217 4470 regni
230 4399 457 4471 Boemie;-qui
468 4398 549 4456 vices
561 4406 670 4457 suaset
681 4399 879 4477 auctenticum
936 4399 991 4471 nit,
1008 4397 1109 4455 dolens
1122 4402 1151 4453 et
1167 4398 1239 4453 llens
1254 4410 1342 4468 super
1355 4398 1495 4470 inpietate
1507 4401 1609 4471 patris.
1626 4402 1761 4460 Prostra·
1811 4409 1813 4413 ’

56 4488 165 4546 domini
180 4504 254 4563 pape
271 4487 404 4562 predicto
424 4488 564 4560 magistro
591 4484 723 4547 Conrado
738 4488 768 4546 in
783 4490 880 4563 predi·
935 4485 1123 4555 tumlevauit,
1134 4484 1356 4556 etincapellam,
1367 4488 1561 4557 queprouima
1576 4494 1649 4560 erat,
1659 4503 1758 4547 secum

55 4578 147 4636 canda
159 4593 246 4635 cruce
258 4577 403 4635 commisit
413 4581 442 4635 ct
454 4576 564 4635 littoris
574 4577 636 4635 suis
650 4581 680 4635 et
691 4578 797 4650 sygillo
811 4593 879 4637 con·
936 4573 1070 4644 adduxit,
1086 4578 1117 4631 et
1131 4573 1317 4632 confessores
1332 4573 1358 4630 ei
1374 4574 1421 4646 pie
1436 4576 1580 4647 prouidit.
1599 4579 1759 4651 Respirans

55 4667 191 4725 llrmauit.
208 4667 350 4724 veniente
363 4673 460 4724 autem
473 4665 532 4737 jam
548 4666 628 4724 dioto
644 4668 778 4727 Conrado
798 4669 826 4726 iu
839 4670 879 4728 ci·
937 4662 1149 4737 aliquantulum
1160 4663 1759 4739 Cuonradus‚antecouiessiouemrogarit

54 4756 175 4815 vitatem
187 4770 243 4827 que
255 4756 379 4813 Cubitus
390 4755 464 4829 (618)
481 4756 755 4829 dieiturProgeusis
766 4758 880 4831 episco·
937 4751 1757 4829 sacerdotesquatenusnominaduodecimapostolorum

56 4850 144 4919 palus
158 4848 340 4920 spectantem
357 4843 393 4901 td
408 4846 641 4916 etmelamfissss
657 4846 880 4909 30011110‘⁰⁸⁰0l
937 4860 1112 4932 scriberent,
1136 4865 1165 4917 et
1177 4859 1300 4930 singulis
1311 4860 1406 4918 ocreis
1416 4860 1528 4932 singula
1540 4862 1655 4920 nomina
1670 4863 1760 4938 adpo·

56 4957 173 5003 crucem
185 4942 367 5016 predicante,
386 4944 430 5000 tot
445 4941 523 4999 mitia
539 4941 665 5001 militum
675 4948 706 5002 et
716 4943 879 5005 multitudi·
937 4949 1758 5025 nerent,utcujusnomenvolentelteoassumeret,ipsum

57 5048 108 5091 nes
125 5032 298 5106 populorum
313 5033 427 5104 signum
442 5033 541 5090 erucis
555 5039 743 5107 acceperunt,
756 5037 788 5094 ut
803 5035 879 5094 idem
936 5044 1092 5112 patronum
1106 5044 1136 5095 et
1151 5039 1324 5098 advocatum
1337 5040 1366 5098 in
1378 5044 1435 5098 tam
1449 5041 1594 5099 borrende
1605 5043 1761 5101 mortisdi·

57 5124 244 5199 rexssoemie,
256 5137 322 5186 oum
333 5128 511 5199 proponeret
523 5122 633 5183 bellum
644 5122 718 5184 inire
728 5139 794 5185 cum
806 5127 881 5189 duce
936 5128 1760 5217 acriminectinluturoaxaminepropiciumbuberat.Fa-

726 5227 847 5287 VARIAE
861 5228 1067 5289 tucuouus

110 5322 215 5395 Atriui,
231 5336 256 5381 e.
276 5321 324 5359 ⁴⁰⁸⁰
338 5323 438 5383 boecie
454 5337 478 5384 c.

859 5414 963 5480 NOTAE

103 5506 154 5560 616
180 5503 349 5563 beaumont.
973 5513 1048 5587 (ote)
1063 5511 1202 5586 Elbogeu.

102 5577 153 5632 dtr
179 5572 372 5635 lislderbacb.
