3788 6000
58 186 111 250 185
686 188 935 255 CHRthICON.
953 226 991 237 —
1007 190 1083 253 tin.
1105 190 1126 253 l.
1706 189 1765 254 lssd

56 326 227 386 sauctorum
243 330 360 402 patrum
376 324 505 388 decreta.
527 326 657 389 secema
679 329 821 391 sessionis
838 331 884 392 dre
900 329 927 393 lt
947 334 1085 393 mnndum
1096 348 1153 392 non
1165 345 1229 394 esse
1242 348 1314 402 rnon
1327 331 1449 394 timebat
1461 339 1632 408 egestatem,
1645 335 1711 410 quia
1722 335 1765 395 ni·

57 417 250 489 suggestione
266 419 387 476 Roberti
402 421 582 478 Trevirensis
599 425 627 476 et
645 422 810 492 berengarii
824 424 886 478 Vir·
943 423 1000 480 chii
1015 424 1138 496 sapienti
1156 424 1257 481 deesse
1273 426 1395 497 sciebat,
1413 429 1441 482 et
1462 427 1508 484 eui
1532 431 1614 484 totus
1637 427 1762 485 mundus

56 505 201 563 dunensis
214 507 400 578 iangonem
411 510 563 566 Renrensis
575 511 654 566 scriis
668 511 885 582 invasor-emsp-
943 513 1022 569 literis
1038 514 1076 568 sit
1088 513 1264 571 divitiarum.
1279 516 1426 572 Laudabat
1443 515 1536 572 virum
1554 517 1601 586 qui
1619 532 1689 573 auro
1705 531 1764 572 mo-

56 594 328 667 nodaleperaetum
340 597 546 666 estjudieinm.
560 601 629 653 Nam
646 600 805 656 secundum
822 616 886 656 san·
943 602 1002 656 veri
1020 603 1157 672 nesciret,
1170 606 1369 674 contemptum
1382 605 1504 660 haberet
1521 604 1698 668 divitiarum,
1714 605 1762 675 qul

55 687 171 740 etorurn
189 684 325 740 instituta
340 700 493 756 canonum,
511 687 630 743 decreta
648 693 762 758 patrum
787 689 886 744 beato·
942 690 1068 745 volutes
1080 706 1146 745 arare
1158 691 1279 760 quadam
1293 692 1456 764 despiceret
1466 693 1764 765 bominnmcnpidita·
1836 704 1839 709 ’

56 787 117 827 rum
137 772 224 839 Sinti,
237 774 404 844 Alexandri,
418 775 588 845 innnocentii,
600 777 717 847 Zosimi,
734 778 884 849 bonifacii,
943 782 997 841 tos,
1011 784 1041 833 et
1055 794 1118 834 eum
1132 781 1272 849 propheta
1286 781 1313 835 in
1327 780 1460 837 laudibus
1471 782 1548 838 illius
1560 781 1740 837 exclamabat
1755 799 1761 835 :

56 860 218 931 caelestini,
233 862 345 931 Leonis,
357 863 517 933 Syrirmaebi
535 868 564 917 et
580 869 754 921 coeterorum
771 881 886 922 excom·
944 866 1016 930 Qaio
1027 867 1078 922 est.
1093 867 1235 937 inquiens,
1249 870 1277 923 et
1290 869 1479 927 laudabimus
1493 878 1577 928 eunt?
1587 870 1672 928 Fecit
1685 871 1764 927 entim

56 949 284 1005 manicaverunt
301 956 330 1006 et
347 965 361 1006 a
378 952 490 1020 gremio
506 952 608 1008 matris
622 953 755 1010 ecclcsiae
773 954 887 1025 repule-
940 954 1098 1011 mirabilia
1111 956 1142 1010 in
1155 957 1284 1013 otiosum
1300 958 1395 1014 (Eeeli
1411 974 1485 1026 xxxi,
1500 964 1537 1024 a).
1553 959 1760 1014 admirandum

56 1042 124 1091 ruant
137 1038 322 1108 enm,doneo
337 1039 372 1094 ad
388 1040 589 1111 poenitentiam
606 1046 633 1095 et
646 1041 761 1110 dignam
773 1043 886 1099 veniret
943 1042 1057 1097 dicebat
1074 1044 1121 1113 qui
1139 1045 1256 1102 divitias
1269 1050 1431 1115 sperneret,
1445 1061 1517 1117 quas
1530 1047 1663 1118 plerique
1676 1045 1764 1104 salutl

56 1126 301 1183 satisfactionem.
314 1129 435 1184 Ceteris
447 1129 551 1185 dicbus
563 1129 662 1199 synodi
675 1134 886 1187 tractatumest
943 1132 1067 1202 proprire
1078 1133 1281 1202 prretrrlerunt.
1290 1134 1459 1191 Declinabat
1470 1136 1633 1205 avaritiam,
1646 1140 1676 1191 et
1686 1134 1763 1191 omni

57 1215 886 1287 deincestiseonjugiisctccclesiisquau(intrantur,ianrno
943 1218 1762 1293 studiointcndebatncquidlaceretaltrorsusjustitiam,

58 1303 263 1361 vendebantur
280 1306 461 1376 presbyteris
479 1306 506 1360 in
523 1306 656 1377 partibus
669 1308 839 1377 Gerananim,
857 1312 888 1363 et
944 1308 1033 1363 sedin
1047 1310 1765 1381 omnilmsoperibuscustodireteanultedargue·

59 1391 209 1448 dabantur
224 1393 308 1449 laicis
323 1392 437 1464 illicite,
455 1401 484 1449 et
500 1395 679 1464 prohibitum
695 1410 727 1450 ac
743 1400 886 1452 statutum
945 1396 993 1450 bat
1009 1396 1222 1467 delinquentes,
1236 1399 1345 1456 nivillins
1359 1400 1384 1454 in
1399 1400 1510 1468 jndicio
1527 1415 1680 1472 personam
1692 1400 1765 1455 acci·

58 1495 90 1534 ne
106 1481 136 1536 id
153 1482 273 1539 omnino
293 1485 519 1552 praesumeretur
538 1483 573 1537 ab
594 1484 701 1554 aliquo.
719 1487 886 1541 Tractatum
944 1485 1052 1554 plebat,
1065 1486 1157 1554 gratia
1171 1487 1448 1557 alterat,eansarnm
1461 1488 1765 1551 moritadccernebat‚

58 1573 151 1624 estet
169 1570 207 1626 de
221 1570 287 1626 aliis
304 1571 403 1627 multis
420 1571 553 1627 ecclesian
573 1572 761 1628 utilitatibus
944 1573 1146 1641 gravissimum
1160 1575 1296 1643 judicans
1325 1592 1480 1647 pauperem
1510 1578 1693 1632 innocentem
1721 1591 1765 1632 ar-

95 1658 212 1714 lnterea
229 1674 280 1714 rex
297 1659 372 1714 Otho
388 1665 508 1729 rogatus
528 1676 541 1715 a
560 1660 706 1717 liudovico
723 1662 885 1718 counradum
904 1675 1043 1758 Bgruere,
1058 1662 1176 1718 divitem
1191 1678 1331 1720 excusare
1348 1680 1428 1720 rcum
1446 1664 1549 1736 eulpae.
1561 1668 1589 1719 ln
1601 1678 1687 1721 cansa
1704 1663 1764 1732 lici,

58 1745 163 1802 ducem
179 1762 247 1804 cnm
264 1749 540 1805 lothariensibusin
553 1765 616 1817 epis
630 1751 720 1805 mittit
733 1751 887 1817 auxilium,
947 1748 993 1803 ubi
1011 1752 1222 1807 eonnrrnunionis
1238 1753 1399 1822 periculum
1421 1757 1552 1823 noverat,
1570 1753 1656 1809 ctiam
1683 1751 1766 1807 dissi·

59 1841 86 1889 et
103 1836 173 1892 dum
190 1843 388 1907 congregatur
411 1837 570 1907 exercitus,
587 1838 726 1896 detoldus
757 1843 889 1895 moratur
946 1836 1056 1892 iniuriare
1073 1846 1224 1909 peceatum
1240 1841 1356 1896 dicebat
1372 1857 1426 1897 non
1443 1841 1504 1899 leve
1519 1860 1525 1909 ;
1542 1839 1764 1897 commendabat

58 1938 122 1979 cum
132 1925 318 1994 trevirense,
328 1940 380 1981 rex
392 1925 557 1982 ludovicus
570 1942 634 1982 curn
648 1927 732 1998 duce,
745 1927 890 1984 Rodulias
947 1927 1023 1980 ornanti
1034 1928 1189 1984 sedulitate
1200 1929 1444 1985 existimationem
1457 1944 1548 2000 suam,
1557 1935 1589 1986 ut
1598 1929 1768 1984 obstruere·

59 2012 264 2069 laudunensis
274 2028 338 2070 cum
356 2013 501 2070 alberone
518 2015 664 2070 llcttensi.
677 2016 830 2072 Exercitus
843 2016 892 2069 lo.
949 2019 995 2069 tur
1006 2031 1038 2070 os
1054 2018 1180 2080 omnium
1192 2016 1289 2087 iniqua
1302 2017 1379 2087 loqui
1391 2017 1559 2074 volentium.
1573 2016 1767 2087 Spectabatur

59 2101 253 2159 thariensium
277 2103 432 2158 Mosomum
457 2103 546 2174 capit,
564 2107 592 2159 et
612 2105 800 2160 munitionem
826 2120 891 2175 qum
947 2104 982 2157 ab
994 2102 1766 2176 ornantibusadnuirationesapientimetamoreJustitiaq

58 2191 169 2247 dieitur
185 2192 266 2247 llons
287 2195 393 2248 acutus
409 2195 479 2247 ante
498 2192 666 2248 laudunum
691 2194 781 2263 capit.
800 2196 891 2250 Porro
947 2191 1129 2262 prudentiam
1144 2193 1252 2249 babens
1264 2194 1345 2249 vocis
1357 2193 1524 2248 testimonio
1538 2207 1603 2248 reos
1614 2192 1767 2249 confutare

57 2280 190 2352 episcopi
199 2280 405 2337 lotharienses
417 2282 586 2338 Lauclunum
599 2283 732 2352 veniunt,
742 2285 890 2352 hugonem
946 2286 975 2334 ct
991 2281 1174 2351 convincere,
1184 2282 1328 2351 iustitiam
1345 2296 1459 2352 quoque
1473 2286 1611 2337 nocentes
1624 2278 1768 2351 supplicio

60 2384 94 2423 ex
114 2373 201 2441 parte
217 2369 887 2440 llarinirocant,etsicadsuaredeunttlol.
946 2366 1766 2438 darc,innocentessubduccre.talornuiahabundabat
1843 2360 1850 2369 '

59 2456 220 2530 ittltllugo
230 2473 300 2514 vcro
312 2458 449 2529 princeps
460 2458 674 2515 suessionicam
687 2460 786 2514 urbem
799 2475 891 2531 oppu-
946 2458 1032 2513 animi
1049 2458 1112 2527 ejus
1128 2459 1239 2514 directa
1252 2458 1434 2529 simplicitas,
1447 2458 1582 2513 vincebat
1594 2457 1622 2511 in
1633 2454 1767 2511 omnibus

62 2551 144 2615 gnat,
156 2550 281 2602 matrem
292 2546 518 2603 eeclesiamcnrn
532 2550 614 2618 parte
627 2547 756 2603 civitatis
772 2561 891 2612 suecen-
946 2547 1085 2618 operibus
1100 2545 1163 2616 ejus
1179 2547 1336 2603 utilitatem
1352 2546 1500 2615 honestas,
1512 2560 1568 2600 non
1585 2545 1768 2599 honestatem

64 2634 156 2703 dit‚in
168 2634 307 2690 hennensi
316 2634 468 2691 territorio
479 2635 565 2692 villas
575 2650 639 2690 eum
652 2636 815 2692 hominibus
827 2651 891 2691 suc·
947 2636 1067 2692 utilitas.
1078 2635 1169 2691 Nicbil
1185 2635 1210 2690 in
1222 2650 1256 2690 eo
1270 2641 1331 2691 arte
1343 2633 1578 2704 elicitunr‚nichil
1591 2636 1655 2688 erat
1667 2632 1768 2687 iraude

66 2723 178 2795 cendit,
191 2725 220 2779 et
234 2722 324 2779 multa
341 2724 415 2779 nnala
431 2723 500 2793 agit.
513 2725 568 2780 Pro
581 2723 688 2794 quibus
699 2730 727 2778 ct
740 2723 806 2779 aliis
819 2723 891 2779 mul·
946 2725 1150 2795 compositum,
1177 2724 1253 2794 quod
1277 2728 1390 2780 careret
1416 2723 1518 2779 merito
1557 2719 1765 2792 simplicitatis.

60 2813 152 2881 tis,et
164 2811 404 2882 quiavoeatnsad
417 2813 574 2868 concilium
587 2813 685 2868 verniro
697 2810 823 2881 noluit,a
836 2815 890 2868 lla·
947 2812 1007 2877 (iol.
1024 2815 1081 2886 oo.)
1098 2814 1237 2869 servabat
1255 2828 1339 2884 quam
1365 2813 1486 2868 maxime
1511 2809 1686 2868 naturaliter
1699 2806 1769 2864 insi-

64 2901 129 2957 rino
139 2906 169 2956 ct
182 2899 249 2957 aliis
259 2900 406 2972 episeopis
418 2901 889 2958 Francisethonortorrouirensi
945 2905 1004 2957 tam
1021 2901 1076 2957 sibi
1093 2901 1221 2971 regulam
1235 2902 1358 2972 justitias
1370 2915 1426 2957 non
1438 2900 1611 2957 declinares
1622 2912 1702 2967 vero,
1715 2910 1767 2953 vas

64 2991 203 3061 sequenti
226 2989 335 3060 synodo
354 2990 621 3046 excommunicatur
642 2991 718 3060 apud
744 2990 888 3047 Treviros.
946 2986 1767 3062 suunilnsanctitatepossidere‚lnonestalemopibus,ho·

64 3079 535 3150 Caeterorumveroepiseopcrum
549 3078 890 3135 lothariensiumetder·
905 3054 929 3118 C
947 3080 1078 3149 neribuS,
1088 3079 1280 3148 dignitatibus
1292 3078 1447 3150 prasiorum
1461 3077 1548 3132 nichil
1560 3077 1631 3131 inse
1643 3089 1707 3131 esse
1721 3087 1768 3144 pa·

65 3183 216 3225 manorum
232 3167 330 3225 nullus
347 3168 385 3224 ibi
397 3168 490 3224 alluit.
504 3168 615 3234 Quibus
627 3168 753 3239 expletis
764 3168 890 3224 llarirnus
946 3168 1284 3224 tiebatursimulatumet
1296 3166 1490 3237 fiotunn,quod
1502 3165 1571 3220 licet
1582 3166 1610 3220 in
1624 3163 1768 3235 principio

64 3257 145 3314 radit
161 3256 315 3312 saxoniam
331 3256 367 3312 ad
383 3256 635 3313 consecrationem
662 3256 818 3313 t'uldcnsis
832 3271 891 3313 mo·
946 3261 1093 3327 vernaret,
1110 3257 1137 3312 in
1154 3270 1294 3328 processu
1311 3255 1505 3326 dissiparetur
1529 3258 1558 3310 ut
1582 3252 1721 3309 llosculus
1736 3256 1766 3307 et

65 3346 201 3415 nestorii,
218 3350 248 3401 et
269 3345 310 3402 sio
326 3347 444 3401 Romam
469 3346 639 3401 revertitur.
946 3345 1120 3415 solveretur,
1139 3345 1207 3415 quin
1224 3345 1322 3416 potius
1337 3359 1438 3401 vertam
1467 3349 1497 3399 et
1522 3343 1667 3399 sincerum
1691 3338 1768 3410 quod

100 3439 184 3491 Auno
197 3432 331 3504 sequenti
344 3432 470 3489 domnus
481 3435 630 3504 Agaqretus
642 3434 891 3503 papaltommcon-
947 3434 1004 3490 alta
1018 3435 1115 3491 radice
1128 3434 1311 3490 landaretur.
1320 3433 1365 3490 Sic
1377 3431 1576 3504 perexercitia
1591 3430 1657 3486 boni
1669 3428 1767 3501 operis

65 3523 164 3580 cilium
181 3521 295 3592 habuit,
311 3521 338 3576 in
355 3535 410 3591 quo
425 3521 608 3578 confirmavit
623 3535 654 3576 ca
678 3535 741 3591 quac
766 3521 794 3576 in
819 3536 891 3592 prae·
947 3524 1066 3579 termam
1078 3523 1166 3578 dabat
1178 3522 1306 3579 subditis
1323 3522 1359 3578 ad
1376 3521 1543 3577 felicitatem
1558 3517 1679 3575 tcndcre
1695 3532 1768 3573 sem-

65 3615 122 3669 iata
140 3611 256 3682 synodo
272 3616 336 3667 acta
353 3615 431 3667 saint.
443 3611 552 3682 [laon]
566 3614 635 3666 Post
650 3612 711 3666 brec
726 3611 891 3667 ludovicus

64 3707 91 3756 et
109 3702 193 3771 tingo
206 3704 350 3770 pacantur
371 3698 405 3755 ad
431 3699 564 3764 invicem,
583 3698 778 3755 mediantibus
803 3702 891 3769 atque

66 3788 232 3860 sequestris
244 3787 467 3857 Conradodnee‚
478 3787 699 3857 llugoncNigru,
709 3787 891 3844 llrlalbcronc

66 3885 95 3934 et
107 3877 251 3935 Fulherto
262 3875 420 3948 episeopis.
430 3877 505 3930 Otho
517 3891 633 3946 quoque
645 3891 696 3932 ros
708 3877 850 3933 Weticdos
862 3882 890 3932 et

67 3964 285 4037 Huirgarossibi
303 3964 409 4019 subdit.
425 3964 616 4032 berengarius
628 3965 744 4034 quidam
754 3965 891 4036 princeps

66 4056 170 4123 ltaliae,
185 4068 308 4124 veneno,
319 4057 348 4109 ut
358 4053 460 4121 lentur,
471 4057 574 4109 necato
586 4053 722 4109 bethario
736 4069 803 4122 rege
814 4055 892 4122 regis

67 4143 198 4214 lingonis
213 4142 283 4211 illio,
302 4157 353 4198 ren
366 4141 490 4199 edicitur
511 4141 611 4197 ltalirn.
629 4143 720 4197 Porro
741 4156 792 4197 rex
815 4141 890 4197 Otho

68 4234 187 4304 Papiam
199 4230 289 4302 cepit.
298 4232 366 4287 Corn
378 4231 453 4287 enim
466 4231 522 4286 irct
534 4231 561 4285 in
574 4231 696 4299 ltaliam,
715 4230 891 4300 berengario

68 4323 194 4393 praeleto
211 4320 239 4375 in
253 4320 316 4390 ejus
331 4320 457 4376 adventu
475 4319 614 4389 rugiente,
632 4334 682 4374 rex
697 4319 827 4374 eamdem
845 4335 892 4374 ur·

945 3612 1069 3684 piternac
1082 3611 1198 3680 quietis.
1214 3615 1294 3667 niano
1307 3609 1593 3681 igiturepiscopatas
1603 3607 1648 3663 sui
1659 3606 1768 3663 duode-

946 3700 1034 3767 cimo,
1056 3700 1091 3755 ab
1117 3699 1314 3756 incarnatione
1340 3698 1448 3754 ltomrni
1474 3700 1535 3766 951,
1553 3695 1643 3751 indict
1648 3736 1700 3750 .....
1722 3692 1767 3764 ²⁸⁸,

947 3788 1248 3845 videnslaliossuosut
1262 3793 1368 3843 terram
1382 3785 1532 3843 iceundam
1545 3786 1662 3841 sincero
1674 3782 1767 3840 tritiei

946 3878 1261 3948 gratioserninatani,ct
1272 3875 1454 3947 puriorcmct
1467 3873 1632 3930 uberiorem
1643 3885 1768 3928 messem

948 3965 1176 4035 promittentem,
1192 3964 1414 4034 rrnualtiplicatum
1424 3961 1548 4017 reddere
1561 3961 1637 4031 quod
1650 3973 1770 4030 accepe-

949 4057 1023 4121 rant,
1032 4055 1060 4107 et
1071 4051 1174 4107 dolens
1183 4052 1323 4121 quosdam
1335 4065 1436 4106 eorum
1450 4048 1632 4120 perfectioris
1642 4048 1709 4104 vitae
1722 4045 1772 4101 de·

948 4140 1056 4197 siderio
1071 4146 1101 4195 et
1116 4139 1230 4196 altioris
1244 4139 1385 4210 propositi
1397 4151 1494 4193 arrrorc
1507 4135 1723 4192 ferventissimo
1734 4132 1770 4188 ad

948 4230 1058 4286 vicinas
1074 4228 1208 4285 dioceses
1222 4227 1413 4297 consmigrare
1433 4229 1461 4281 et
1485 4224 1678 4280 rnonasticum
1693 4221 1771 4279 ordi-

949 4334 1023 4388 nem,
1035 4317 1100 4389 quia
1113 4318 1139 4372 in
1154 4318 1214 4389 ipsa
1227 4316 1401 4372 virdunensi
1414 4315 1485 4372 urbe
1496 4328 1552 4369 non
1565 4311 1769 4368 inveniebatur

68 4412 131 4466 bern
149 4408 326 4479 ingreditur,
339 4413 368 4464 et
385 4421 503 4464 uxorem
521 4407 648 4463 Lotbarii
661 4407 738 4476 regis
749 4407 889 4477 defuncti,
906 4411 934 4472 D
950 4409 996 4474 (G.
1017 4408 1096 4464 Virri.
1110 4412 1150 4476 2),
1163 4405 1231 4461 alibi
1241 4404 1612 4475 expetere‚oommuniesto
1623 4401 1694 4457 cleri
1706 4416 1772 4473 pro·

69 4513 201 4554 sororem
220 4497 343 4554 conradi
361 4496 439 4567 rogis
451 4496 592 4565 lunensis,
609 4495 760 4565 conjugem
777 4497 893 4568 accepit

70 4586 273 4643 adheleidam.
291 4585 390 4657 Sopita
406 4585 495 4654 igitur
511 4584 723 4656 aliquantulum
739 4599 892 4655 perverso-

71 4690 130 4731 rum
147 4673 318 4743 insolentia,
328 4674 442 4729 donnus
455 4674 648 4742 berengarius
659 4673 824 4729 corrnmissis
837 4674 892 4728 sibi

69 4761 894 4833 ovibusexemplaretspeculumtotiusreiigionisetsan·

70 4851 184 4907 etitatis
195 4851 301 4920 laetae,
314 4851 452 4906 studebat
465 4850 493 4905 ln
508 4866 539 4906 se
554 4851 676 4921 primum
692 4854 721 4906 et
735 4851 775 4906 sie
788 4851 815 4904 in
828 4850 894 4906 sub·

70 4938 246 4998 ditosnoxia
262 4943 290 4995 et
306 4940 452 5011 superllua
470 4951 613 5009 resecare,
630 4941 787 5011 depravata
805 4939 895 4995 corri-

69 5044 148 5099 gere,
162 5033 276 5096 sancta,
289 5028 412 5084 honesta
424 5032 453 5082 et
468 5027 548 5084 utilia
562 5032 711 5099 appetere.
724 5028 893 5083 Prelcrebat

71 5132 188 5190 semper
204 5117 358 5173 honestum
375 5114 460 5183 utili;
477 5116 556 5172 nullo
571 5122 695 5185 terrore,
709 5115 788 5173 nulio
804 5119 892 5186 rnctu,

71 5222 85 5262 a
97 5205 177 5267 nulla
190 5204 460 5262 adulationeavero
471 5204 683 5262 deflectendum
693 5206 824 5276 putabat.
834 5206 893 5260 Non

72 5295 238 5367 retugiebat
250 5292 380 5364 exilium,
396 5293 462 5366 quia
479 5300 599 5351 noverat
625 5294 748 5365 sapienti
770 5294 893 5365 patriam

949 4510 1108 4565 rerumque
1124 4494 1247 4551 consilio
1264 4493 1291 4548 in
1308 4494 1437 4564 sepefata
1454 4491 1586 4549 ecclesia
1602 4493 1770 4547 sanctorum

949 4583 1149 4655 apostolorum
1162 4583 1240 4638 Petri
1252 4588 1280 4637 ct
1292 4580 1642 4648 Priarlilsonorededicata,
1651 4579 1772 4650 ubipre-

949 4673 1046 4729 ciosus
1059 4671 1169 4728 bernuini
1186 4672 1337 4727 contessor
1353 4671 1476 4727 Vitouus
1490 4685 1555 4726 cnm
1572 4669 1633 4724 suis
1648 4666 1772 4738 quiescit

950 4768 980 4817 ct
992 4764 1149 4817 veneratur
1159 4759 1423 4831 praedecessoribus
1433 4764 1460 4814 et
1470 4756 1704 4823 suecessoribus,
1714 4769 1772 4809 uro·

949 4851 1107 4907 nachorem
1125 4847 1232 4917 delegit
1249 4847 1405 4903 turnnulam
1422 4859 1589 4916 aggregare,
1604 4844 1650 4914 qui
1665 4844 1693 4898 et
1706 4856 1771 4913 pro·

952 4938 1070 5011 pensius
1095 4937 1202 4993 divinis
1225 4936 1408 4992 deservirent
1432 4935 1572 5002 cultibus,
1589 4937 1617 4987 et
1637 4929 1771 4986 omnibus

951 5026 1067 5082 Christo
1077 5027 1216 5083 adherere
1229 5025 1396 5081 volentibus
1407 5024 1524 5076 sormam
1537 5019 1640 5074 darent
1656 5018 1772 5075 huutili·

952 5115 1021 5171 tetis
1035 5119 1064 5171 et
1081 5115 1239 5186 patientie,
1254 5118 1284 5170 ut
1301 5112 1345 5167 vel
1358 5113 1400 5168 sic
1413 5124 1468 5164 non
1479 5110 1655 5177 cogerentur
1667 5106 1702 5164 ad
1714 5107 1770 5163 alia

952 5204 1090 5261 secedere
1099 5202 1295 5275 quihnberent
1304 5204 1433 5271 paratum
1446 5211 1505 5269 prae
1517 5196 1611 5252 oculis
1624 5196 1771 5267 specimen

953 5293 1112 5362 roligionis.
1131 5293 1165 5347 lit
1183 5291 1290 5346 iactum
1306 5292 1348 5344 cst
1366 5287 1462 5343 divina
1487 5289 1662 5356 cooperante
1677 5284 1772 5355 gratia

753 5408 871 5465 VARIAE
892 5407 1090 5464 tinctiones.

106 5508 141 5544 ’⁸⁸
156 5519 299 5566 aarum
314 5507 361 5566 IX
373 5506 454 5564 deest
465 5508 499 5565 tn
511 5521 534 5563 e.
