3788 5992
57 279 133 346 itit

366 278 501 346 Gesta
514 276 693 342 TREVER.
711 312 751 324 -
764 270 931 339 Arretio
948 272 1003 337 EX
1024 271 1162 337 Minae.
1180 274 1214 337 S.
1231 269 1455 339 nocenter.

1687 270 1764 337 ttae

57 407 86 466 in
102 407 262 481 planctum,
281 407 362 466 cheri
381 406 569 480 psallentium
586 405 615 462 in
631 405 753 475 loetum,
769 405 883 462 choreae
898 381 926 443 Α
939 407 1123 465 trevirorum
1139 405 1351 478 participarent
1370 403 1590 462 henedcie.......
1609 404 1711 474 ltaque
1727 402 1764 460 si·

56 496 221 568 puellarum
232 495 494 553 inlamentatioues
504 494 638 564 migrare.
647 491 884 551 lotiuseiritatis

57 585 159 644 taciem
185 587 364 643 immutatam
388 585 515 651 rideres,
541 583 647 640 divinae
670 582 822 652 religionis
836 582 885 638 vix

56 673 169 745 aliquas
191 680 293 732 tenues
314 672 454 745 reliquias
469 686 629 730 remanere.
652 673 744 728 Perre
765 673 823 727 lleo
844 669 886 726 di-

57 767 130 821 eatae
144 764 282 833 virgines,
300 764 415 835 quasin
431 763 561 820 oratorie
584 761 661 818 beati
682 754 885 832 symphoriani

58 853 193 922 martyris
204 853 360 911 5555551511
371 853 595 909 conversatione
606 852 663 907 lieo
673 850 783 907 servire
796 864 884 920 supra

56 942 244 1011 exposuimus
259 941 346 1014 (571),
362 942 438 998 15155
459 947 501 998 555
523 941 626 997 mortio
646 954 752 1011 genera
769 938 804 994 ad
819 953 885 994 eon·

57 1035 140 1086 sueta
157 1030 321 1087 orationum
344 1045 421 1087 arma
443 1029 656 1101 confugientes,
675 1045 728 1101 pre
746 1027 885 1110 castitate

58 1120 209 1188 servanda,
227 1120 519 1191 55555555555551,
536 1134 592 1176 non
611 1119 733 1191 proviin
746 1115 884 1190 praesentl

59 1209 175 1272 tuende,
189 1223 272 1278 qnam
286 1209 492 1280 despexerant,
507 1223 664 1280 supernum
676 1221 793 1279 5555555
805 1204 886 1262 auxi·

57 1296 127 1353 lium
143 1297 348 1354 ardentissima
360 1298 483 1369 spiritus
495 1298 672 1355 contritione
685 1298 837 1361 invocare;
852 1307 886 1350 ae

57 1385 134 1441 beati
153 1386 294 1442 liodoaldi
319 1388 455 1458 sepulcro
475 1401 576 1444 5555555
598 1385 754 1455 advolutae,
774 1389 806 1440 ut
821 1382 885 1453 ejus

56 1475 220 1547 patrocinio
232 1478 268 1532 ah
280 1476 440 1532 imminenti
456 1476 641 1547 eriperentur
657 1476 801 1546 periculo,
819 1474 886 1529 tali·

58 1564 112 1620 hus
130 1564 176 1620 vel
192 1564 294 1621 talium
314 1565 458 1621 similibus
473 1566 578 1621 eoelum
596 1565 732 1651 precihus
749 1565 885 1619 teruntur

940 498 1048 555 mulata
1076 497 1231 554 devotione
1257 496 1410 555 ecclesiam
1441 494 1536 551 saneti
1562 493 1761 566 symphoriani

941 587 1142 645 subintrantes
1157 587 1279 657 ejusque
1294 586 1388 643 omnia
1404 600 1468 657 quae
1485 585 1542 642 sihi
1559 599 1626 640 mox
1643 584 1707 641 usui
1726 583 1764 639 ie·

941 685 1005 733 rent
1021 676 1219 748 explorantes,
1240 676 1340 733 trident
1354 676 1469 730 domum
1484 673 1633 738 incultam,
1649 671 1763 741 injuria

939 769 1144 836 opportunam,
1165 764 1306 820 ministris
1325 763 1497 833 civibusque
1514 760 1686 831 neglectam,
1704 776 1763 817 rne-

941 853 997 909 rito
1011 853 1127 923 quidem
1143 855 1189 910 sui
1204 854 1303 910 Croesi
1322 852 1434 909 divitiis
1453 851 1636 918 nobiliorem,
1653 849 1704 905 sed
1722 864 1753 904 rc

940 941 1412 1014 55511155151555151555555555
1425 940 1624 997 obscuriorem
1628 979 1681 994 .....
1697 952 1762 994 enm

941 1029 1081 1086 matutina
1097 1029 1180 1101 plebs
1191 1030 1225 1086 ad
1238 1028 1377 1085 orandum
1393 1027 1532 1097 coepisset
1548 1041 1584 1083 cx
1601 1039 1680 1081 mere
1696 1039 1764 1080 con·

940 1130 1060 1174 currere
1064 1161 1117 1175 .....
1145 1119 1219 1190 (575)
1244 1119 1378 1174 Ceterum
1404 1118 1490 1188 hujus
1515 1114 1653 1172 laeinoris
1677 1112 1764 1169 easti-

939 1206 1027 1275 gandi
1050 1207 1155 1276 gratia,
1176 1222 1211 1262 ne
1231 1208 1299 1277 quid
1320 1207 1413 1263 simile
1436 1206 1575 1276 deinceps
1600 1203 1761 1275 perniciosa

940 1301 1055 1352 crearet
1079 1296 1207 1366 lieentia,
1232 1296 1393 1353 decernunt
1416 1296 1443 1350 in
1467 1308 1627 1362 commune,
1654 1306 1763 1363 cerpus

941 1385 1073 1442 sanctim
1087 1385 1240 1456 propatulo
1254 1385 1388 1455 positum,
1406 1383 1441 1442 ab
1452 1383 1576 1440 ecclesia
1590 1381 1762 1450 transferre,

940 1473 1148 1544 coelestemque
1172 1474 1341 1531 thesaurum
1359 1470 1541 1529 'llrmiorihus
1562 1471 1713 1543 apothecis
1732 1472 1761 1524 55

940 1564 1042 1620 tutiori
1054 1564 1157 1620 aerario
1168 1563 1378 1619 commendare.
1397 1565 1497 1632 ltaque
1513 1575 1609 1617 aream
1626 1559 1761 1628 ligneam,

55 1656 228 1725 penetrasse
246 1653 394 1710 :Domine
413 1655 487 1710 Jesrt
508 1653 627 1710 Christe
647 1693 882 1707 ..........
940 1651 1114 1708 5551551515
1136 1651 1244 1708 tabulis
1263 1655 1444 1722 eurupaetam
1462 1650 1622 1718 ferreisque
1639 1647 1763 1704 nexibus

54 1740 227 1810 Huiusmodi
252 1742 390 1813 precihus
414 1757 477 1798 cum
503 1755 604 1811 magna
630 1741 751 1813 spiritus
773 1740 883 1797 contri·
897 1743 924 1804 Β
939 1734 1762 1811 eircurrrquaquemunitamaccelerant;eoquetranslata

56 1827 145 1890 tiene.
163 1845 228 1886 curn
244 1844 347 1900 magno
363 1831 548 1886 lacrimarum
563 1831 655 1886 imhre
671 1829 808 1900 55515515,
825 1842 882 1884 555
938 1828 1115 1885 contessoris
1140 1829 1271 1899 pignora,
1296 1829 1323 1884 in
1349 1828 1508 1885 oratorium
1532 1826 1624 1883 sancti
1649 1824 1761 1882 Paulini

56 1918 149 1974 deluit
173 1919 306 1990 operatio
331 1933 467 1990 55555555
491 1918 698 1988 exauditionis,
716 1932 772 1974 non
789 1917 883 1974 deluit
940 1932 1028 1987 super
1039 1917 1130 1973 altare
1143 1921 1252 1979 sanctae
1264 1918 1364 1975 Crucis
1377 1931 1485 1973 summa
1497 1931 1562 1972 cnm
1574 1913 1763 1971 veneratione

55 2006 197 2062 exhibitio
213 2007 419 2064 miraculorum
445 2007 522 2064 55551
548 2006 735 2064 55515555515.
753 2006 793 2061 Ne
812 2021 882 2074 ergo
940 2005 1114 2075 deportant;
1128 2007 1263 2062 consulte
1279 2005 1402 2075 seilicet,
1422 2010 1450 2061 ut
1469 2020 1520 2075 555
1534 2004 1607 2075 5551,
1624 2002 1763 2058 sacerdes

55 2096 113 2151 [leo
128 2101 251 2152 sacratas
267 2096 396 2166 virgines
407 2095 482 2152 55515
494 2096 638 2157 viderent,
654 2111 717 2165 quae
730 2111 782 2166 pro
795 2109 883 2151 sexus
940 2095 1087 2151 sacerdoti
1104 2096 1287 2164 jungeretur,
1311 2093 1418 2164 illeque
1440 2094 1631 2151 adventantes
1653 2089 1763 2161 duplici

56 2183 215 2252 fragilitate
232 2185 410 2253 metuebant,
431 2198 503 2241 nere
525 2186 597 2240 5555
621 2185 801 2250 amitterent,
820 2198 883 2253 que
941 2183 1104 2255 patrocinio
1120 2183 1338 2240 solatiarentur.
1354 2183 1404 2240 llis
1418 2183 1583 2239 additurex
1595 2181 1678 2236 Pario
1691 2193 1764 2235 mar·

57 2285 108 2341 555
123 2271 272 2328 castitatis
293 2273 479 2328 observantia
497 2277 731 2342 promeruerant,
751 2270 884 2327 mirabile
940 2287 1020 2328 more
1042 2272 1150 2341 tabula,
1172 2274 1205 2328 ad
1227 2277 1386 2328 extremam
1412 2287 1524 2327 55555555
1551 2270 1667 2326 decoris
1692 2268 1763 2323 mira

56 2359 168 2424 audito,
189 2359 351 2417 mirabilius
364 2361 449 2417 visul
467 2361 494 2416 in
511 2375 581 2432 pace
597 2360 674 2416 lecto
691 2360 882 2417 decubantes.
941 2359 1100 2431 sculptoris
1121 2366 1184 2415 arte
1205 2361 1355 2431 perducta,
1378 2375 1441 2426 quae
1463 2363 1582 2429 propter
1597 2355 1762 2428 sepulcrum

56 2447 131 2502 intra
159 2449 223 2504 dics
250 2449 370 2518 triginta
400 2463 501 2505 onrues
531 2450 670 2520 55555551
694 2450 886 2504 decesserunt
941 2448 1141 2519 ejusreperta,
1156 2448 1261 2519 sepulti
1275 2463 1375 2504 nornen
1388 2447 1563 2504 etrueritnm
1577 2445 1762 2517 praelerebat,

56 2536 131 2601 vita;
145 2539 286 2606 tantoque
299 2535 434 2606 lcliciter,
449 2542 557 2607 quante
570 2537 739 2609 perenniter
751 2537 883 2603 victure,
942 2538 995 2593 hac
1007 2537 1082 2592 55515
1094 2541 1213 2593 exarata
1228 2557 1233 2591 :
1248 2539 1311 2594 Hoc
1321 2536 1581 2594 estannetneritmt
1592 2535 1651 2590 Dee
1662 2532 1764 2591 dilect*

55 2640 119 2679 cum
136 2625 249 2681 eruatis
266 2624 448 2696 lampadibus
469 2640 576 2695 sponso
598 2625 712 2682 coelesti
731 2637 885 2687 occurren·
944 2625 1134 2682 Trocmorum
1145 2624 1360 2697 arciepiscopi
1370 2624 1533 2693 Medoeldi,
1545 2623 1631 2694 555155
1640 2637 1696 2679 rere
1706 2623 1764 2676 lle·

58 2717 110 2780 tes,
133 2713 319 2782 serrtpiternae
339 2712 536 2783 jucunditatis
561 2713 719 2770 thalamum
744 2727 808 2770 curn
835 2712 885 2767 illo
938 2713 1076 2786 5551555555
1099 2714 1296 2783 sanctitatem,
1320 2714 1412 2771 sicuti
1429 2715 1463 2769 in
1478 2715 1543 2786 ejns
1562 2713 1707 2785 precepto
1730 2708 1765 2768 da

56 2801 196 2871 ingressae
211 2806 288 2857 sunt.
305 2801 432 2868 Quarum
448 2816 571 2873 corpora
585 2803 612 2859 in
623 2803 724 2859 eodem
739 2807 808 2858 sunt
822 2814 886 2857 ora·
944 2802 1063 2859 Trereri
1078 2803 1252 2871 continetur,
1267 2804 1352 2860 intro
1368 2802 1500 2873 Ligerim
1513 2803 1542 2858 et
1553 2800 1689 2858 Rhenum
1702 2812 1765 2856 nto·

55 2891 133 2945 torio
152 2890 314 2960 recondita,
330 2890 357 2946 iu
373 2906 430 2960 que
445 2891 522 2946 beati
539 2890 682 2947 llodealdi
698 2890 836 2962 pignora,
853 2895 885 2946 ut
937 2892 1049 2962 ynirtee
1071 2893 1184 2949 55555115
1206 2893 1236 2949 51
1256 2893 1403 2950 diloteeit
1417 2891 1500 2962 (575).
1519 2890 1601 2956 Quod
1624 2889 1712 2953 etiam
1735 2887 1762 2942 in

56 2977 406 3048 cujuspatrocinautibus
416 2978 530 3034 meritis
540 2976 767 3034 anirrraeillarum
778 2976 882 3034 celum
941 2979 1144 3050 superioribus
1159 2985 1348 3036 memoratum
1370 2984 1424 3037 est.

55 3081 119 3122 eum
137 3078 190 3122 suo
207 3064 395 3136 possidebant
422 3070 556 3137 patrono,
583 3067 674 3139 ipsius
698 3066 884 3137 exigentibus
902 3099 924 3156 G
976 3073 1001 3124 3.
1020 3068 1111 3138 igitur
1132 3069 1225 3125 sancti
1245 3069 1356 3124 Paulini
1376 3068 1498 3126 ecclesia
1521 3083 1594 3125 nevo
1616 3067 1762 3124 illustrata

57 3154 190 3225 reliquiis
217 3169 340 3225 corpora
358 3155 385 3210 in
403 3155 505 3210 eedem
530 3155 719 3211 humarentur
740 3152 819 3220 loco;
836 3152 884 3211 uhi
941 3155 1067 3228 hospite,
1083 3157 1111 3211 15
1124 3163 1263 3228 quantum
1277 3157 1356 3214 brevi
1368 3157 1572 3213 claritudinem
1585 3155 1762 3228 pervenerit,

58 3245 164 3298 tierent
178 3243 326 3299 orationes
340 3256 451 3312 earnm,
468 3247 497 3298 et
510 3245 672 3299 exuberant
683 3242 732 3299 liei
746 3240 884 3298 henellcia
942 3247 1050 3313 quanto
1066 3242 1193 3300 fidelium
1206 3244 1305 3300 studio
1316 3245 1441 3315 priorem
1452 3243 1615 3314 neglectum
1631 3255 1765 3300 correxe-

59 3331 93 3386 ad
117 3331 284 3386 nienreriam
305 3330 450 3400 virginum
466 3334 587 3388 extunc
603 3336 631 3387 et
648 3331 733 3388 medo
747 3333 777 3386 55
793 3344 886 3399 usque
941 3331 990 3400 rit,
1006 3331 1072 3388 dum
1088 3348 1198 3404 pauper
1214 3349 1278 3389 curn
1294 3333 1384 3389 divite
1399 3348 1433 3389 eo
1449 3348 1517 3390 suas
1532 3330 1764 3389 necessitudines

57 3419 84 3474 iu
101 3421 242 3475 seculum.
942 3426 1069 3477 ruaturat
1086 3421 1249 3492 deplorare,
1274 3428 1432 3479 memoratu
1449 3426 1492 3478 est
1508 3420 1689 3477 incredibile.
1709 3418 1763 3475 Sed

89 3512 114 3563 i.
135 3507 204 3563 Cum
230 3507 320 3579 igitur
343 3508 472 3580 ejusdem
499 3508 684 3579 tempestatis
703 3507 798 3565 adhuc
815 3507 886 3564 resi·
942 3514 1096 3580 postquam
1111 3509 1250 3566 diuturna
1260 3510 1342 3580 quies
1353 3510 1453 3580 otium,
1468 3510 1521 3566 otii
1536 3525 1604 3565 vero
1619 3507 1764 3565 securitas

55 3596 159 3652 dorent
174 3596 298 3666 vestigia
314 3597 457 3667 longaque
471 3597 601 3653 solitudo
618 3597 757 3668 pleraque
772 3600 886 3654 saucto—
941 3603 1098 3668 corruptos
1113 3614 1208 3656 5555555
1226 3604 1388 3671 [repererat
1401 3604 1551 3671 totamque
1566 3599 1646 3656 urhis
1660 3598 1762 3656 taciem

57 3700 119 3741 rum
137 3685 288 3741 cohiberet
306 3685 380 3755 loca,
404 3686 490 3741 hebet
509 3684 654 3754 nimirum,
671 3688 702 3741 ut
720 3684 778 3743 illae
793 3682 884 3742 saneti
942 3686 1122 3743 immutatam
1136 3703 1187 3758 555
1199 3689 1339 3758 religione
1351 3689 1514 3746 divinorum
1526 3692 1713 3761 contemptus
1725 3687 1764 3741 iu-

57 3772 210 3829 15551115515
227 3773 350 3842 angulus
365 3788 418 3845 pro
431 3772 475 3829 sui
492 3773 607 3843 quidem
624 3773 766 3843 dignitate
782 3787 884 3843 parum
940 3778 1072 3832 cesserat
1086 3795 1091 3829 :
1104 3776 1275 3833 sustinenda
1292 3782 1356 3835 crat
1372 3779 1538 3835 necessario
1554 3790 1687 3849 supernae
1702 3792 1765 3834 cor-

56 3861 204 3918 ebtineret
231 3861 414 3930 reverentiae,
442 3860 577 3930 neglectu
593 3876 662 3917 vero
676 3860 783 3918 civium
808 3864 884 3918 omni
941 3863 1081 3920 rectionis
1093 3866 1248 3933 sententia,
1260 3881 1324 3935 quae
1338 3852 1477 3936 pollutam
1487 3866 1634 3921 licentiam
1644 3855 1774 3922 subire?

56 3951 188 4008 crrstodia
215 3949 377 4006 destitutus
392 3949 480 4005 etiam
496 3953 611 4020 pateret
631 3949 754 4019 iujuriae.
780 3949 833 4006 Sed
851 3963 883 4004 ca
940 3966 977 4008 no
993 3952 1185 4008 districtionis
1199 3958 1359 4009 coerceret.
1376 3955 1478 4024 ltaque
1490 3954 1572 4022 juxta
1590 3954 1763 4009 sententiam

58 4036 223 4095 mortalium
237 4038 349 4094 incuria
366 4043 467 4095 nestro
485 4037 611 4109 pontitici
627 4037 767 4094 auctioris
781 4037 883 4108 gloria
942 4039 1091 4110 prophetae
1105 4059 1110 4093 :
1122 4041 1146 4096 A
1157 4041 1331 4096 5555555515
1342 4055 1403 4097 mee
1413 4040 1537 4114 incipite
1548 4039 1662 4111 (1155515.
1677 4054 1714 4110 555,
1724 4043 1762 4110 d),

58 4130 131 4183 lacta
144 4126 330 4183 estmateria.
348 4126 469 4193 Quidam
482 4126 634 4195 enimviri,
650 4139 758 4196 genere
770 4126 883 4196 Franci,
941 4128 1124 4198 intempestae
1145 4128 1240 4184 trectis
1260 4128 1377 4185 silentio
1398 4129 1472 4186 idem
1489 4129 1648 4184 oratorium
1666 4128 1764 4185 subito

58 4231 118 4272 5555
133 4215 229 4285 gentis
247 4215 323 4271 haud
340 4215 494 4285 ignobiles,
512 4215 607 4271 551555
618 4220 648 4270 55
659 4229 782 4286 5555555
799 4229 884 4285 quam
940 4217 1129 4287 conllsgravit
1144 4215 1764 4290 1555555577),155511155555555551151555

58 4303 180 4360 maxirrre
201 4302 343 4371 valentes,
364 4306 473 4360 sanctae
492 4303 658 4359 devotionis
672 4303 765 4374 gratia
785 4306 884 4358 urbem
941 4320 1141 4375 censuraque
1151 4321 1186 4362 ue
1198 4306 1332 4376 perdiem
1343 4322 1496 4363 accensum
1508 4305 1765 4363 laciliooncurron·

56 4392 186 4448 Treveris
199 4396 404 4457 accesserant;
419 4406 504 4463 quam
520 4405 638 4448 suorum
654 4394 821 4448 sanctorum
833 4406 885 4447 nu·
941 4393 1014 4448 tium
1027 4392 1260 4462 restinguerctur
1272 4394 1426 4452 industria.
1443 4395 1622 4450 Ferebantur
1637 4392 1764 4463 nudique
1812 4418 1816 4425 ·

57 4495 137 4537 mero
158 4481 325 4552 superbam,
343 4483 403 4535 tum
419 4479 578 4536 vetustatis
594 4479 739 4548 dignitate
754 4479 884 4534 celebra·
899 4458 926 4519 Ῑ)
942 4480 1021 4551 globi
1033 4480 1141 4550 ignium
1151 4482 1247 4539 ventis
1260 4483 1441 4552 urgentibus,
1452 4483 1578 4553 totisque
1589 4481 1711 4538 habenis
1721 4493 1764 4537 re-

59 4573 126 4636 1555,
143 4568 220 4624 55551
236 4567 327 4623 Gallia
347 4567 438 4638 magis
452 4569 566 4625 clarere
583 4572 799 4639 corripereramt.
819 4567 887 4637 Ejus
941 4569 1047 4639 guahat
1060 4570 1765 4644 555555555555555555551515555555555515·

57 4654 233 4725 aliquamdiu
256 4654 368 4711 laribus
388 4656 547 4720 obversati,
572 4654 713 4726 religione
734 4655 884 4725 delectati,
942 4657 981 4712 cti
996 4656 1135 4714 custodes
1152 4658 1766 4728 51515555555555155555555555555555

59 4758 142 4799 55555
168 4743 303 4798 15555555
328 4742 436 4812 limina,
454 4759 490 4800 ex
506 4744 614 4813 ignotis
634 4759 708 4815 5555
724 4745 886 4814 5551551555
943 4746 977 4802 ad
995 4747 1224 4803 subveniendum
1240 4747 1334 4805 5551515
1350 4749 1518 4819 imparatas.
1536 4750 1634 4817 ltaque
1647 4746 1724 4817 quod
1738 4745 1764 4801 in

57 4847 122 4889 curn
135 4831 245 4887 interea
256 4830 337 4886 viros
348 4835 452 4887 natura
464 4845 584 4902 sagaces
596 4832 710 4889 damma
722 4833 810 4889 subiit
824 4833 887 4905 pul·
944 4839 1025 4889 tauto
1036 4835 1206 4893 constrictis
1219 4836 1324 4892 licebat
1335 4837 1469 4905 articulo,
1483 4835 1632 4905 festinare,
1644 4847 1766 4891 coneur-

57 4919 194 4977 cherrimi
216 4918 363 4990 iocineris,
383 4923 412 4973 ut
430 4934 614 4991 qrrocumque
640 4921 724 4977 modo
748 4923 886 4991 precibus
942 4937 1018 4993 rere,
1042 4923 1149 4994 ingenti
1171 4929 1249 4983 metu
1268 4925 1427 4997 trepidare,
1450 4940 1503 4982 nee
1523 4929 1627 4981 contra
1643 4924 1694 4980 niti
1712 4938 1765 4981 5555

57 5016 107 5065 aut
133 5008 228 5078 pretio
243 5011 287 5065 tot
302 5010 468 5065 sanctorum
493 5007 665 5079 pignoribus
681 5024 744 5065 cnm
762 5010 885 5067 nraxhuo
943 5026 1029 5082 posse
1049 5011 1210 5083 quiescere,
1237 5021 1384 5085 postremo
1405 5018 1555 5071 manerent
1575 5025 1610 5068 an
1632 5014 1766 5092 lugerent

853 5117 963 5173 NOTAE.

93 5210 170 5293 (571)
191 5211 251 5294 lib.
267 5226 287 5266 u
304 5229 310 5264 ε
329 5213 449 5269 Interea
519 5225 625 5283 ,55555
638 5212 739 5292 ripere
755 5211 884 5270 numme
937 5216 1058 5286 5151155
1071 5219 1251 5274 sirmondum
1265 5234 1391 5276 55555555
1404 5234 1490 5277 annm
1501 5220 1641 5294 prefecit
1650 5219 1766 5278 rrenrine

56 5282 222 5339 5555555555
236 5297 270 5338 555
285 5281 393 5338 itenere
408 5282 487 5339 tecit
499 5282 719 5354 Symphorion
739 5285 830 5353 arceri,
839 5287 884 5343 515
936 5288 1087 5343 55555555.
1105 5288 1146 5343 et.
1165 5290 1261 5355 Gesta,
1278 5307 1304 5346 e.
1320 5293 1362 5346 ai.

55 5353 204 5419 55555515,
217 5365 303 5423 opere
314 5354 436 5425 quidem
446 5354 587 5425 eciynnrn
598 5354 626 5408 et
634 5353 796 5426 5555551551
804 5355 884 5412 scie·
974 5360 1048 5427 (575)
1066 5359 1203 5429 Corporis
1219 5366 1331 5430 purtem
1347 5359 1472 5417 ablaturi
1489 5360 1629 5432 sauguine
1642 5363 1705 5420 tuso
1717 5362 1766 5420 de·

55 5424 147 5480 metir
173 5422 275 5479 decere
298 5424 399 5481 minus
423 5423 613 5481 crrrriittcsenn
629 5466 634 5480 .
653 5466 659 5480 .
678 5466 685 5478 .
703 5424 753 5481 Iit
772 5427 884 5498 qnippe
938 5431 1088 5498 teguntur,
1108 5430 1181 5485 11155.
1199 5432 1220 5501 1,
1238 5447 1264 5502 p.
1283 5435 1327 5488 76.
1445 5487 1449 5493 .

55 5494 657 5565 congregationemsanctornmniryincrn
673 5536 779 5552 .....
795 5497 883 5556 insti·
974 5501 1048 5570 (575)
1066 5501 1129 5568 Quo
1146 5504 1277 5572 tempere
1293 5503 1400 5559 tactum
1416 5518 1472 5560 non
1487 5507 1613 5561 constat.

53 5566 117 5676 enit
120 5606 226 5621 .....
245 5565 358 5632 Quibus
368 5565 459 5623 etiem
469 5565 510 5622 od
518 5565 672 5636 5555515555
683 5566 813 5639 51555555
822 5567 883 5626 dia·
973 5571 1051 5642 (577)
1065 5573 1098 5628 v.
1117 5570 1221 5630 ialsum
1237 5572 1291 5631 hoc
1306 5573 1433 5647 diploma
1450 5590 1496 5647 ap.
1512 5575 1675 5633 llontheim.
