3788 6000
29 255 31 259 ,
115 167 191 266 'ten
609 190 795 258 nunonis
816 190 992 260 annuns
1012 187 1352 259 vtnvrmncnnsrs
1774 194 1833 260 tos

133 338 288 399 ecelesiam
303 341 412 398 888818
439 338 545 410 iterim,
561 341 592 394 et
607 350 709 408 magna
723 349 761 393 ex
788 340 872 410 parte
886 350 950 393 con·
967 333 996 396 Α
1009 327 1834 402 881888888888118818161888818888181111188881188

134 429 253 490 struxit.
1009 420 1200 478 macedonici
1219 418 1834 492 888888888888818888181888888-

170 520 210 575 Eo
234 523 366 589 tempore
378 517 556 588 presidebat
568 515 686 572 liciensi
696 514 839 572 aecelesiae
848 513 957 569 Adven·
1010 510 1082 575 turi,
1095 510 1130 565 Et
1142 512 1208 580 post
1221 523 1311 580 pauca
1324 509 1377 564 troc
1388 507 1579 565 addiderunt:
1595 506 1833 580 acceperamus,

137 606 196 664 tius
211 605 350 678 pontifex.
379 605 554 661 virdunensi
580 605 676 673 liutto,
705 601 886 672 lugdunensi
903 602 957 657 ltc-
1008 596 1236 655 evidentissimas
1251 610 1334 667 papa
1345 596 1488 654 Nicotaus
1499 597 1531 652 ia
1543 593 1720 653 diedcssuis
1731 594 1836 652 cudis·

47 689 52 696 ’
138 695 251 765 migius.
274 695 325 749 iiic
355 693 445 750 Adoni
473 692 628 748 Viennensi
650 692 799 762 episcopo,
822 692 956 745 Romana
1009 683 1834 756 8818118111188188881818888181188888888818118,

137 782 272 840 ecclesie
287 781 404 850 vicario,
421 783 450 836 et
463 779 599 836 Nicbolao
612 793 692 850 papae
705 793 756 849 pro
772 778 882 834 eisdem
898 776 958 847 epi·
1010 773 1179 845 preoccupa·
1193 773 1313 830 concites
1329 787 1386 829 888
1397 772 1646 843 permitterentne
1660 770 1836 828 civitatibus

138 870 237 943 scopis
248 869 416 925 treverensi
440 873 469 924 et
492 866 656 923 coloniensi
673 869 729 939 165)
755 865 898 936 depositis
913 864 958 919 lit·
1010 862 1157 934 episcopos
1170 861 1618 935 meinoranutqnosseeuterts
1629 859 1760 932 potestas
1773 860 1836 917 818-

137 957 313 1015 terasmisit.
327 957 428 1013 clerus
440 954 847 1026 quoquecoioniensiseiden
858 952 958 1008 itidem
1012 949 1598 1016 18888881818818818188888118888
1607 949 1836 1015 chdoloremn

140 1047 220 1103 misit
233 1046 439 1115 litteramque
458 1045 602 1099 babentnr
617 1043 644 1098 in
660 1042 803 1112 catalago.
823 1041 877 1097 Sed
893 1055 958 1097 cum
1011 1039 1404 1109 nereturlQrcoseepcmiircc
1416 1038 1510 1106 dccet,
1523 1036 1837 1110 cumpercpiceretcc·
1861 1091 1865 1099 ,

140 1133 266 1192 amultis
285 1132 524 1203 perlaboraretur
541 1131 656 1188 diverso
675 1132 760 1187 inodo
776 1136 837 1186 tum
855 1129 959 1185 timore
1012 1129 1354 1185 molissimumcrdiaem
1362 1128 1423 1184 tum
1433 1128 1541 1184 illicite
1553 1127 1681 1184 tracturi
1691 1125 1837 1183 etudine·

139 1223 217 1292 regis
243 1226 302 1278 tum
323 1234 420 1276 amore
445 1219 572 1289 illorum,
597 1219 765 1276 nullatenus
787 1217 959 1290 persuaderi
1015 1214 1839 1288 8888188888111888888888888,8181888818

139 1323 212 1381 papa
220 1308 325 1379 potnit,
337 1313 367 1363 ut
377 1311 625 1363 restaurarentur.
641 1307 886 1362 belunctoautem
895 1307 961 1362 bea·
1014 1305 1249 1377 apostolicatum
1265 1305 1503 1363 inconvenientia
1516 1305 1641 1362 8188188
1650 1318 1738 1362 118881
1752 1303 1839 1361 ecclc

141 1402 170 1453 to
186 1396 325 1453 bicboato
342 1411 407 1452 cum
430 1395 591 1466 imperante
607 1395 753 1451 ludovico
769 1393 961 1451 successisset
1013 1392 1840 1451 straticumontntnoscriberetralestnneiuuelliaerant

140 1484 296 1550 Adrianus,
315 1488 345 1539 et
361 1483 475 1540 litteras
492 1483 617 1540 misisset
635 1483 790 1539 Galliarum
802 1482 959 1554 episcopis,
1014 1481 1154 1553 episcopi.

140 1579 241 1630 utnon
265 1571 340 1628 alios
351 1572 519 1627 ordinarent
535 1572 687 1643 episcopos
701 1571 754 1627 nisi
768 1572 874 1641 ouibus
890 1585 956 1641 pree
1054 1569 1196 1642 [Reciso]
1221 1573 1302 1627 Anno
1317 1572 1353 1627 ab
1368 1571 1414 1628 inc
1437 1572 1516 1627 bom.
1532 1573 1584 1627 8511
1600 1569 1753 1628 Lotbarius
1768 1568 1840 1626 divi·

141 1660 592 1731 latusimperatorepiscopatum
603 1659 787 1728 concederet,
795 1657 960 1715 etordinarr
978 1683 1003 1742 B
1019 1657 1057 1713 sit
1073 1658 1224 1729 imperium
1242 1658 1309 1715 llliis
1323 1659 1392 1730 suis,
1411 1659 1554 1716 Ludovico
1570 1660 1692 1729 ltaliam,
1710 1671 1796 1729 quem
1810 1661 1840 1713 et

141 1748 370 1818 mandaret,non
391 1753 602 1805 consenserunt
621 1748 805 1805 venerabiles
821 1747 960 1819 episcopi,
1018 1745 1224 1818 imperatorem
1260 1746 1435 1818 appellarim
1460 1747 1595 1804 Lotbario
1621 1762 1739 1816 reguum
1764 1744 1839 1817 qnod

141 1836 193 1893 sed
212 1837 321 1907 pariter
344 1837 513 1907 congregati
536 1835 645 1893 litteris
662 1837 747 1893 iactis
768 1835 962 1892 communiter
1018 1848 1072 1891 suo
1085 1835 1198 1891 nornine
1210 1837 1379 1905 vocabatur,
1391 1841 1419 1892 et
1432 1835 1534 1892 carolo
1547 1849 1664 1906 regnum
1680 1835 1841 1892 Provincias

142 1929 354 1995 suggesserunt
370 1939 460 1996 papae,
478 1941 508 1981 se
524 1924 641 1981 decreta
658 1928 825 1981 sauctorum
847 1930 962 1995 patrum
1019 1928 1106 1992 alque
1123 1922 1277 1993 dispositis
1290 1924 1368 1993 regui
1384 1923 1520 1994 negotiis,
1533 1924 1561 1979 in
1577 1922 1841 1994 monasterioqnod

143 2013 270 2069 fideliter
281 2014 440 2070 observare
448 2012 522 2068 velle
534 2016 730 2071 etsecundum
741 2013 813 2069 scita
821 2026 963 2069 canonum
1020 2011 1133 2067 Prumia
1150 2011 1258 2067 dicitur
1269 2011 1428 2068 monachus
1444 2011 1547 2083 laetus,
1564 2011 1640 2068 diem
1651 2009 1758 2068 clausit
1775 2010 1843 2068 ulti·

143 2102 297 2174 episcopos
317 2106 691 2172 consecraturos;quaru1n
712 2108 812 2159 textus
828 2103 854 2158 in
867 2103 965 2158 eatba-
1019 2114 1096 2154 mum
1112 2098 1176 2170 ipso
1193 2114 1266 2156 annu
1283 2099 1375 2155 31181.
1394 2100 1541 2157 Octobris.

143 2187 210 2259 logo
231 2204 378 2246 sacrarum
405 2190 618 2260 scripturarum
646 2191 779 2247 babetur.
807 2190 875 2263 (Ful.
893 2191 964 2261 bib.)
1057 2190 1138 2243 tuno
1153 2191 1205 2242 8116
1229 2186 1329 2243 indict.
1348 2188 1533 2245 tlotbarius
1551 2189 1742 2258 teutbergam
1759 2187 1842 2245 duxit

143 2276 266 2348 Scripsit
281 2284 311 2333 et
323 2276 407 2333 aliam
419 2278 572 2348 epistolam
584 2279 713 2334 Gerardo
726 2280 791 2335 duci
806 2285 837 2334 ct
848 2277 965 2334 notrido
1021 2290 1149 2332 uxorem.

137 2365 242 2423 ,conniti
258 2370 286 2421 ct
301 2366 435 2421 omnibus
450 2365 605 2422 Galliarum
620 2368 787 2437 comitibus,
804 2371 833 2422 nt
856 2366 965 2423 nullius
1058 2365 1205 2419 11888868
1225 2363 1347 2421 iiarolus
1360 2379 1412 2421 rex
1436 2364 1598 2422 Provinciae
1613 2365 1746 2434 moritur,
1763 2370 1792 2420 et
1809 2364 1845 2420 de

143 2451 267 2510 hominis
288 2454 387 2509 lavore
406 2454 448 2509 vcl
466 2455 563 2523 gratia
583 2455 788 2525 permitterent
801 2455 873 2512 alios
887 2455 967 2511 viros
1022 2464 1109 2521 regno
1129 2453 1193 2523 ejus
1210 2453 1286 2508 inter
1302 2453 1467 2510 Lotbarium
1484 2459 1512 2509 et
1529 2456 1665 2524 patruum
1677 2453 1741 2510 elus
1756 2453 1846 2510 liero-

143 2539 338 2597 ecclcsiastici
361 2541 472 2597 ordinis
487 2541 514 2596 in
534 2541 691 2613 episcopiis
715 2543 807 2599 totius
823 2542 921 2600 Gallim
936 2550 966 2600 et
1022 2537 1080 2594 turn
1097 2538 1184 2594 filium
1203 2541 1339 2596 ludovici
1362 2542 1437 2597 taeta
1453 2545 1498 2597 cst
1520 2541 1681 2611 contentio,
1699 2544 1728 2598 et
1742 2541 1847 2598 Lotba·

145 2627 318 2697 burgundia
332 2629 679 2701 consecrareepiscopos‚
695 2632 750 2687 nisi
760 2647 832 2701 quos
846 2632 967 2688 budoni·
1023 2627 1083 2683 rius
1098 2629 1245 2684 llueberto
1259 2630 1397 2685 ducatum
1417 2628 1496 2685 dedit
1514 2629 1590 2685 inter
1603 2630 1704 2686 Jurum
1719 2632 1749 2685 et
1768 2643 1847 2686 mon·

144 2716 967 2787 cusimperatoriuberetcuisatisluculenterctlronesta
1021 2716 1184 2781 1011110118,
1202 2716 1268 2786 (11113
1285 2731 1415 2773 30101611
1427 2715 1491 2785 cjns
1506 2717 1641 2773 habebit·

144 2804 646 2875 obviaveruntpraeiativenerablles
657 2806 965 2881 Galliarumepiscopi,
1058 2803 1130 2871 (rot.
1147 2806 1204 2876 68.)
1221 2808 1302 2862 Anno
1315 2806 1351 2860 ab
1367 2805 1422 2861 inc.
1446 2806 1526 2861 born.
1544 2808 1596 2862 866
1613 2806 1744 2863 Britones
1759 2807 1846 2862 Fran·

28 2971 34 2979 .
145 2889 337 2948 litterasillas
348 2894 497 2963 perverba
510 2892 878 2966 singuladiscutientes‚et
890 2897 967 2966 quod
1022 2890 1096 2946 ciani
1113 2892 1262 2960 invadunt,
1287 2899 1389 2950 eontra
1413 2909 1486 2964 quos
1510 2892 1630 2950 carolus
1648 2894 1798 2965 pugnavit,
1814 2897 1844 2950 et

146 2986 312 3037 sanctorum
330 2985 444 3051 patrum
461 2980 590 3037 decretis
603 2997 727 3038 consona
741 2998 795 3039 non
806 2989 906 3040 esseut
917 2985 969 3040 bu·
1023 2978 1213 3036 Brittanniam
1231 2981 1353 3047 intrans,
1370 2982 1497 3052 turpiter
1513 2982 1608 3039 vietus
1624 2983 1746 3053 antngit.

145 3068 254 3125 militer
278 3073 479 3139 suggerentes,
497 3071 583 3140 innuo
599 3070 683 3139 binius
703 3073 905 3143 responsionis
920 3088 969 3128 ex·
1060 3069 1399 3125 tunoabinc.l)om.852
1411 3085 1461 3124 rex
1470 3069 1712 3126 Brittonnmnntu
1723 3069 1847 3140 1181881·-

143 3157 294 3212 tremitato
314 3157 469 3228 epistolam
487 3173 567 3229 papae
592 3159 722 3214 Nieluolai
740 3162 968 3230 praedecessoris
1022 3170 1127 3212 cussus
1139 3162 1194 3224 est,
1210 3157 1654 3228 ctannosequentittrittoncsci
1666 3155 1844 3214 subduntur.

144 3243 189 3299 sni
202 3244 423 3300 interserentes.
438 3245 890 3320 quarnadnouendamepiscopum
906 3248 969 3305 Gal·
1060 3248 1141 3301 Anno
1158 3248 1194 3302 ab
1210 3245 1266 3302 inc.
1283 3247 1361 3302 boni.
1379 3248 1430 3301 866
1443 3246 1525 3301 118118
1538 3246 1739 3302 Nornranniarn
1757 3245 1848 3301 intra-

146 3328 193 3387 118
210 3331 968 3407 misit,intercoetcradeordiuibnssaorispieetlu-
1024 3335 1118 3404 viter
1139 3334 1320 3405 postmodnm
1350 3334 1517 3405 baptizatus
1539 3335 1686 3392 liebertus
1707 3333 1846 3406 inbapti-

145 3418 293 3476 cidissime
311 3421 478 3491 exprimens
494 3420 521 3476 18
543 3421 604 3476 1888
629 3423 717 3478 verba
736 3443 741 3477 :
758 3423 844 3481 Illud
858 3427 966 3494 uectem,
1024 3428 1117 3478 smate
1129 3423 1227 3478 dictus
1237 3427 1291 3478 est.

137 3505 969 3584 ,[881888881881888,818118818888888811,8886881888
1060 3508 1201 3581 (88168.)
1219 3511 1300 3566 brino
1315 3512 1375 3573 868,
1396 3509 1454 3565 ind.
1473 3516 1497 3578 1,
1516 3509 1643 3565 lotharii
1671 3509 1750 3578 regis
1776 3512 1847 3565 tem·

147 3593 264 3652 tuorem
276 3595 419 3667 peretum
436 3595 746 3667 actisccmrnenctuna,
767 3599 846 3656 berec
854 3600 969 3673 presby
1024 3613 1095 3669 pure
1112 3599 1186 3653 iaetu
1203 3602 1246 3652 est
1259 3599 1285 3652 in
1300 3602 1377 3653 terra
1391 3599 1565 3654 Francorum
1581 3605 1610 3653 et
1622 3597 1762 3654 68111881
1778 3599 1847 3654 Bur·

147 3681 309 3739 1888888888
320 3683 447 3738 Cercrdi
458 3683 590 3740 illustria
601 3686 911 3755 comitiaperbibaisti.
925 3690 970 3744 Vc·
1023 3688 1139 3756 gundiae
1156 3687 1244 3742 tames
1270 3685 1375 3752 valida,
1401 3692 1430 3742 et
1456 3685 1619 3743 mortalitas
1642 3686 1801 3757 bominum,
1817 3689 1845 3742 et

145 3770 967 3843 ramquidnecscrtbensprndentmtcoctcerevoleeret
1025 3776 1120 3848 pestis
1144 3775 1308 3830 arnirrnalinm
1333 3775 1439 3844 (olda.
1455 3776 1489 3833 S.
1516 3774 1683 3842 columba).
1711 3773 1780 3841 Quae
1805 3773 1848 3830 sic

43 3924 47 3940 ι
144 3858 375 3929 eetqndsaper
387 3858 591 3929 nujuscemodi
607 3859 693 3915 reric
712 3862 909 3933 intellexeris,
914 3864 969 3934 sc·
1021 3865 1101 3936 insto
1117 3864 1165 3919 bei
1179 3862 1289 3933 judicio
1305 3863 1332 3917 in
1351 3865 1487 3935 populum
1509 3863 1631 3930 desevit,
1650 3868 1681 3920 ut
1697 3862 1782 3919 multi
1800 3876 1848 3934 pa·

146 3946 970 4018 teonaoripncromns.brnmqutdderurcnseomeetttcm
1022 3953 1108 4008 triam
1129 3954 1308 4008 desererent
1323 3951 1359 4008 ad
1375 3956 1470 4008 terras
1486 3951 1558 4008 alias
1570 3957 1746 4022 cogerentur
1763 3951 1849 4008 demi·

143 4034 970 4109 presiiterucrconsecraritiNumpniddeipsiutcaldic—
1023 4055 1121 4111 grarc,
1135 4039 1207 4097 adeo
1218 4044 1249 4097 ut
1262 4039 1361 4097 rnultae
1370 4041 1457 4097 urbes
1468 4041 1595 4098 Francia
1607 4053 1674 4097 raro
1685 4038 1848 4096 incoleren-

146 4124 223 4183 ccai?
241 4123 355 4181 ildiboc
368 4124 489 4194 lepisti?
504 4124 558 4181 Udi
575 4125 627 4182 boc
641 4126 875 4185 clidicieiirNisi
895 4130 970 4198 quia
1026 4132 1074 4186 tur
1091 4130 1264 4186 babitatorc.

143 4211 970 4286 8888811881888888818111888881881881811811888188818-
1061 4217 1132 4288 (Fol.
1152 4220 1223 4290 nab.)
1240 4217 1847 4277 1888818188.11888611888818188881

145 4300 972 4371 8888888888,88188811811881888881881188888-
1026 4307 1374 4377 eorpussanetaeneginae
1386 4308 1682 4378 virginisetmartiris
1693 4301 1729 4364 de
1752 4307 1849 4365 alesia

146 4387 521 4460 numerumnunerum
536 4390 726 4461 1881888188,
741 4392 971 4452 888188881188
985 4379 1011 4441 D
1027 4394 1149 4451 civitate
1166 4395 1241 4465 apud
1259 4394 1453 4453 Flaviniacum
1470 4401 1600 4454 castrum
1617 4411 1669 4454 sen
1683 4396 1847 4466 cenobium,

149 4477 972 4546 181888888888111888188,818888888188188888188888-
1027 4484 1204 4555 presidente
1221 4483 1284 4542 loco
1296 4485 1400 4556 eidem,
1411 4486 1649 4557 cnjuseratjmis
1661 4485 1766 4542 civitas
1778 4499 1850 4558 prn-

147 4563 846 4640 cesantaratjnnrreonbeteeceeetestceujmt
859 4569 974 4639 1818881
1028 4573 1097 4643 iata,
1112 4573 1205 4643 digito
1220 4574 1336 4644 abbate,
1355 4575 1536 4645 postmodum
1548 4576 1691 4632 8888888
1707 4573 1850 4645 archicpi-

148 4651 973 4729 111188888111881111188118818888811188818881881188·
1027 4676 1127 4733 scopo,
1145 4668 1286 4732 regnante
1302 4663 1404 4720 carolo
1420 4665 1516 4721 Calvo.
1533 4664 1586 4721 llic
1604 4668 1649 4721 est
1669 4662 1744 4734 digit
1759 4663 1849 4720 abbas

148 4742 976 4814 pteromattquocperproplemmdieitur:«merttstent
1027 4749 1266 4808 flaviniacensis.
1288 4752 1337 4822 qni
1360 4749 1462 4808 cellam
1479 4752 1643 4810 corbiniaci
1667 4751 1807 4823 instituit,
1821 4753 1850 4809 ct

144 4830 286 4902 populus,
304 4830 350 4888 sic
368 4830 599 4902 8888881881088,
619 4834 724 4902 1891.»
748 4835 975 4907 Quodsortusce
1029 4837 1181 4895 duodecim
1207 4839 1315 4895 ibidem
1332 4839 1488 4898 monachos
1510 4841 1606 4913 posuit
1633 4840 1700 4912 (66),
1716 4841 1801 4897 annis
1815 4854 1851 4897 ex

150 4917 298 4977 88888881
308 4932 415 4976 eorum.
425 4920 611 4986 Qaccumia
620 4923 865 4981 neminellomtni
874 4939 974 4983 ccccc·
1028 4943 1086 4999 quo
1116 4926 1343 4985 Flaviniacensis
1369 4929 1502 4987 ecclesia
1525 4930 1620 5002 ipsum
1648 4928 1851 4986 corbiniacum

946 5041 1059 5100 NOTAE.

191 5117 248 5193 (db)
265 5120 305 5176 ct.
322 5121 447 5180 Annales
460 5122 617 5196 liincmari‚
635 5123 794 5183 fuldenses
808 5125 835 5183 ei
852 5128 975 5199 Regino·
1029 5127 1166 5187 avalinse
1181 5142 1233 5185 seu
1243 5128 1422 5188 nivernense
1432 5132 1574 5189 comitatu
1584 5131 1662 5258 apud
1677 5131 1852 5190 Ammonias

152 5201 228 5246 nem.
1031 5200 1234 5257 sitotlanassis
1245 5201 1336 5258 abbas
1351 5207 1381 5259 ut
1393 5207 1520 5261 testatur
1529 5205 1599 5260 tabu
1613 5219 1628 5259 a
1644 5204 1853 5261 monasterium

174 5260 249 5341 fid)
260 5259 478 5334 Probatnripsa
489 5266 819 5325 constitutionistabnla
835 5268 912 5340 apud
923 5270 977 5327 lta-
1030 5245 1367 5330 construerevolebat.’lt
1406 5250 1853 5349 inaetranslatioriemdescripsit

152 5328 193 5387 bd
206 5342 243 5386 88
267 5329 330 5387 Act.
349 5332 407 5413 88.
430 5334 499 5391 Saec.
525 5335 571 5407 IV,
587 5340 614 5407 8,
627 5353 659 5418 p.
685 5341 747 5409 ild,
770 5339 880 5420 scripta
902 5353 978 5397 anno
1033 5347 1137 5400 auctor
1147 5288 1403 5426 anonymusnapug
1422 5344 1626 5429 mabillonii.
1646 5344 1854 5429 818881118118

152 5401 206 5458 861
221 5404 356 5472 sequenti
379 5402 426 5459 dre
461 5412 508 5462 ost
523 5405 719 5465 humationem
733 5422 867 5482 corporis
882 5409 908 5466 S.
926 5411 980 5468 lle·
1033 5413 1115 5470 Isaac
1125 5427 1280 5500 episcopus
1290 5413 1481 5486 Lingonensrs
1491 5416 1740 5475 altarrnnonnnlla
1751 5431 1780 5475 tn
1791 5431 1855 5490 qut

151 5469 228 5544 gine
242 5471 381 5547 martyris
395 5486 425 5532 m
437 5419 498 5532 iar.
515 5476 606 5551 ltpril.
619 5478 651 5535 lu
665 5479 853 5564 aodemenim
868 5479 932 5540 loco
942 5481 982 5540 in·
1036 5482 1157 5544 busdam
1166 5499 1235 5562 pagi
1244 5486 1420 5549 bituriensis
1432 5485 1568 5550 aeterne
1578 5486 1626 5549 (tie
1640 5486 1761 5549 Snbbnti
1776 5502 1856 5555 mon.
