3788 5992
55 183 113 248 ‘tsi
493 180 713 246 CHHONICA.
730 217 769 225 -
788 173 1027 246 CHRONICON
1048 171 1324 251 UNIVERSALE.
1700 175 1759 249 782

56 319 428 391 universosepiscoposqni
442 318 565 373 inexilio
576 320 659 372 crant
672 314 787 385 regredi
797 313 875 384 lecit,
891 315 921 375 a
935 331 966 372 se
982 317 1009 372 in
1025 319 1159 377 omnihus
1183 318 1329 375 auxiliari.
1347 317 1454 374 Eodem
1470 332 1544 374 anno
1574 319 1686 377 adhesit
1704 323 1758 378 llo-

52 403 879 480 eiaqneecetestasreformareprecepitqueadeise-
936 408 1028 463 arianis
1044 409 1149 466 mulier
1182 409 1364 480 qnaedamex
1394 409 1492 478 llnnis,
1523 408 1619 479 vidua,
1649 411 1759 468 babcns

52 500 223 572 ridensque
251 501 286 558 ad
315 497 490 556 liildericum
514 512 564 569 per
580 500 615 552 70
643 509 735 551 annos
766 493 878 548 lucrant
936 510 1033 551 secum
1056 497 1442 554 Hunorumccntuminilia.
1460 500 1582 554 'inuncet
1600 502 1759 557 rcxlluno-

50 589 102 646 dst
124 595 228 646 ructae.
936 599 1010 655 rum,
1028 586 1158 657 quisunt
1187 588 1271 657 juxta
1293 588 1481 657 Bosphorum,
1510 588 1625 644 nornine
1653 590 1757 659 Corda,

90 678 223 735 lustinus
235 692 351 748 quoque
364 682 505 746 angtrstns
516 680 600 732 sexto
621 672 735 745 imperii
751 671 794 729 sui
807 684 881 725 anno
936 673 1062 731 accessit
1078 675 1111 731 ad
1130 675 1347 748 imperatorem,
1361 679 1389 730 et
1403 677 1497 735 lactus
1510 675 1555 709 ¹⁰¹⁵
1569 677 1758 750 clavistianus,

55 782 110 839 pro
121 766 227 824 ardore
237 766 390 823 catholicae
403 766 468 821 fidei
481 766 653 821 decertabat
665 761 812 818 hereticos
824 761 882 816 dis·
936 768 1094 834 susceptus
1109 768 1151 820 est
1170 766 1205 820 ab
1222 780 1266 836 eo,
1294 766 1453 838 nndtisquc
1464 765 1491 822 ei
1503 764 1547 798 ¹⁰¹⁶
1564 766 1698 838 prestitis
1712 767 1760 822 dc-

56 857 164 929 sipare,
190 856 379 927 precepitque
404 861 436 911 ut
452 854 560 925 ubique
589 853 703 909 illarum
732 850 882 909 aecclesias
937 848 1079 919 nis,rnisit
1095 867 1161 909 eum
1182 852 1209 907 in
1233 856 1484 928 regionomipsins
1500 857 1534 911 ad
1551 858 1695 912 itomanas
1713 871 1761 911 rcs

56 944 196 1001 catholici
208 940 883 1015 episcopiccnsecrarent.QuodaudiensThcc·
936 938 1143 997 custodiendas
1158 946 1187 997 ct
1204 944 1385 1015 Bosphorum
1401 945 1560 1015 civitatem,
1578 961 1642 1017 qnae
1659 960 1711 1017 pro
1727 960 1760 1001 eo

57 1033 187 1102 dericus,
206 1033 299 1104 quiet
315 1032 377 1104 ipse
395 1032 449 1089 luit
465 1032 614 1101 arriamis,
631 1030 708 1087 misit
723 1030 881 1085 iohannem
937 1030 1103 1103 Bosphorus
1130 1036 1175 1087 est
1190 1029 1279 1100 dicta,
1296 1031 1372 1102 quod
1400 1034 1537 1090 Rornanis
1553 1049 1603 1106 per
1632 1033 1762 1103 singulos

59 1128 129 1179 tunc
142 1121 282 1193 temporis
294 1136 396 1193 papam
409 1109 443 1177 ad
455 1121 612 1190 tustinum,
629 1124 660 1174 ut
676 1122 725 1174 ant
743 1116 882 1173 hereticis
937 1134 1028 1177 annos
1043 1122 1133 1177 hoves
1148 1135 1202 1191 pro
1218 1120 1351 1191 pecuniis
1368 1121 1521 1178 inl'orebat.
1539 1122 1698 1178 lienovavit
1716 1121 1761 1155 ¹⁰¹⁷

57 1210 208 1268 aecclesias
230 1224 299 1266 suas
322 1209 456 1266 redderet
469 1208 524 1280 ¹⁰⁰⁸,
548 1215 595 1265 ain
613 1209 674 1279 ipse
686 1206 777 1264 totius
792 1204 883 1262 batiae
937 1208 1096 1281 imperator
1112 1208 1201 1281 leges,
1216 1209 1324 1266 iaciens
1340 1209 1471 1266 codicem
1483 1211 1660 1280 singularem
1673 1216 1702 1267 et
1714 1229 1761 1268 vn·

59 1299 198 1371 populum
213 1298 312 1370 gladic
328 1299 439 1354 leniret.
457 1298 519 1364 Qun
536 1299 672 1367 abeunte,
690 1296 752 1367 ipse
766 1293 882 1351 interim
937 1310 1007 1355 cans
1033 1313 1098 1355 eum
1123 1297 1254 1355 novellas
1281 1300 1519 1357 constitutiones.
1550 1301 1659 1360 Eodem
1688 1318 1761 1360 anno

56 1386 259 1458 Symmachum
275 1388 429 1461 patricium
455 1395 485 1444 et
500 1387 629 1443 Boetium
644 1390 808 1442 senatorem
824 1382 884 1453 gla—
937 1400 1021 1457 passa
1047 1392 1092 1442 est
1110 1387 1262 1444 Antiochia
1286 1391 1462 1446 terremotus
1478 1404 1595 1460 magnos
1609 1395 1636 1446 ct
1654 1397 1762 1463 tempe·

55 1476 106 1534 dio
118 1477 252 1549 peremit,
270 1477 499 1548 redeuntemque
517 1491 618 1548 papam
635 1476 707 1531 lanae
724 1472 880 1529 interiecit.
937 1478 1041 1544 states,
1053 1477 1082 1531 et
1095 1475 1241 1532 iaciebant
1263 1475 1395 1533 laetanias
1406 1493 1506 1534 omnes
1517 1478 1690 1551 discalciati,
1705 1480 1763 1536 cla·

56 1566 139 1623 Unde
167 1564 271 1622 divinae
287 1565 450 1635 ¹⁰⁰⁹jndiei0
479 1565 613 1622 vindiciae
639 1567 687 1621 990
703 1562 807 1619 dehinc
835 1561 883 1616 die
940 1569 1053 1621 mantes
1068 1564 1148 1636 kyrie
1164 1564 1290 1636 eleyson.
1309 1568 1449 1638 Apparuit
1467 1573 1561 1623 autem
1580 1568 1606 1624 in
1624 1569 1686 1626 visu
1703 1571 1762 1626 cui-

57 1655 210 1713 subitanea
236 1659 328 1711 morte
345 1655 466 1710 interiit.
496 1653 628 1710 lustinus
643 1666 711 1709 vero
741 1653 883 1720 augustus
896 1678 925 1740 Β
940 1652 1004 1707 dam
1020 1653 1071 1709 Dei
1085 1653 1203 1724 cultori,
1221 1658 1251 1710 ut
1273 1655 1383 1712 diceret
1401 1656 1545 1726 omnibus,
1563 1658 1640 1728 quod
1656 1659 1763 1715 scribe·

56 1760 123 1803 cnm
137 1745 195 1816 jam
212 1749 316 1802 octavo
331 1758 406 1800 anno
421 1742 604 1814 augustalem
617 1741 787 1811 dignitatem
804 1744 883 1794 tene·
940 1745 1006 1797 rent
1020 1743 1049 1797 in
1065 1742 1340 1814 superliminaribus
1353 1745 1415 1802 suis
1432 1764 1439 1802 ι
1457 1744 1597 1804 Christus
1612 1747 1763 1806 nltimam

58 1842 115 1906 ret,
132 1850 229 1892 mense
240 1835 344 1907 aprili,
360 1833 520 1890 indictione
531 1835 645 1904 quarta,
658 1833 803 1900 aegrotare
814 1827 883 1884 inci·
938 1829 1025 1888 state.
1041 1831 1103 1898 Quo
1119 1831 1206 1903 lacto,
1223 1832 1306 1889 stetit
1323 1833 1365 1890 ira
1380 1834 1441 1890 bai.

58 1925 152 1998 piens,
175 1925 319 1998 provexit,
337 1924 405 1981 dum
429 1922 522 1980 adhuc
538 1921 660 1990 viveret,
678 1919 706 1975 in
730 1917 882 1990 imperium
975 1921 1088 1976 interea
1101 1919 1294 1993 athalaricus,
1308 1923 1646 1996 neposTheoderici,ro.v
1658 1929 1764 1986 Gotho-

56 2014 265 2085 lustinianum,
287 2013 397 2071 sororis
413 2027 473 2069 suae
489 2011 589 2080 tilium,
607 2009 656 2080 qui
670 2013 700 2065 et
724 2006 884 2079 coimpera-

57 2106 102 2162 vit
117 2104 162 2139 ²⁰¹⁰
175 2104 201 2161 ei
226 2103 373 2161 mensibus
396 2105 537 2173 quatuor;
555 2113 653 2157 mense
667 2112 736 2156 vero
752 2099 884 2168 augusto

57 2185 880 2266 ipseapudConstantinopolimrchuscxcessithumanis.

58 2283 132 2340 anni
147 2281 263 2339 tustini.

93 2375 118 2426 t.
136 2371 242 2445 (loun.)
259 2372 310 2428 Hic
333 2385 408 2428 anno
424 2368 504 2440 regni
522 2368 567 2426 sui
596 2367 689 2440 primo
718 2366 882 2424 amantium

56 2459 238 2534 prepositum
256 2459 356 2532 palatii
372 2463 401 2516 et
417 2458 490 2516 alios
505 2472 595 2528 regno
612 2472 666 2514 suo
682 2456 827 2514 inhiantes
842 2455 883 2511 in·

55 2550 186 2607 terlecil.

94 2642 119 2695 tt.
136 2642 172 2695 a.
186 2640 221 2695 Ι).
241 2644 305 2696 522.
326 2638 371 2673 ¹⁰¹¹
388 2637 552 2694 bonifacius
579 2651 652 2709 papa
668 2641 731 2692 h7u⁸
742 2633 820 2692 sedit
835 2646 884 2690 an·

56 2730 103 2786 nis
117 2732 147 2786 Ι.

94 2823 123 2877 6.
140 2821 172 2874 Α.
185 2820 216 2874 Ι).
227 2822 288 2876 aad.
300 2819 457 2888 lohannes,
470 2816 519 2888 qui
534 2821 563 2872 et
575 2815 743 2885 atercurius,
756 2827 829 2886 papa
838 2811 883 2846 ¹⁰¹²

940 2023 1013 2083 rum,
1031 2026 1096 2068 cum
1121 2013 1223 2083 paucis
1239 2013 1321 2070 annis
1338 2019 1484 2085 regnaret,
1501 2014 1654 2074 immatura
1670 2021 1763 2074 nrnrte

939 2106 1098 2170 preventus
1112 2105 1166 2159 est.
1180 2104 1268 2174 Cujus
1279 2109 1372 2160 mater
1384 2103 1572 2163 amalsuinda
1584 2107 1762 2164 Theodotum

938 2191 1145 2248 consobrinum
1169 2207 1252 2249 suum
1278 2192 1334 2248 sibi
1363 2192 1485 2249 asscivit
1502 2194 1528 2250 in
1545 2210 1676 2266 regnum.
1706 2198 1761 2252 Sed

939 2286 1006 2353 post
1018 2281 1203 2353 diesaliquot
1215 2281 1316 2351 isdem,
1333 2280 1483 2338 immemor
1498 2283 1598 2340 collati
1616 2285 1759 2355 beneficii,

938 2386 1001 2428 eam
1018 2371 1045 2427 in
1074 2372 1177 2428 hainen
1192 2371 1371 2442 strangulari
1387 2370 1432 2403 ¹⁰¹⁸
1448 2372 1589 2444 precepit.
1607 2373 1677 2439 eria
1692 2389 1761 2430 vcro

939 2460 1000 2532 ipsa
1017 2461 1084 2517 dum
1105 2460 1217 2517 viveret
1234 2474 1264 2517 sc
1287 2474 1429 2531 suumque
1443 2459 1533 2516 lilium
1550 2461 1674 2534 principi
1690 2477 1762 2518 coria-

939 2549 1137 2619 mendaverat,
1169 2549 1266 2606 audita
1283 2549 1346 2618 cjus
1362 2553 1466 2622 morte,
1497 2549 1655 2621 imperator
1679 2553 1761 2620 gravi

938 2638 1050 2694 exarsit
1061 2638 1214 2695 iracundia
1225 2637 1253 2694 in
1264 2637 1450 2695 theodatum.
1464 2638 1544 2704 Quod
1558 2638 1606 2695 ille
1618 2641 1759 2711 sentiens,

939 2727 1094 2798 agapitum
1110 2741 1211 2799 papam
1224 2727 1448 2783 intercessorem
1464 2728 1543 2784 misit
1559 2730 1761 2788 Constantino-

939 2815 1036 2888 polim.
1045 2815 1172 2882 Quicum
1184 2816 1315 2872 vcnisset
1330 2821 1360 2872 et
1371 2815 1547 2887 colloquium
1559 2833 1622 2874 cum
1640 2818 1762 2889 impera-

58 2908 216 2966 aar1sedit
232 2909 355 2978 annisa,
382 2903 677 2977 decessitqueattat.
708 2903 799 2961 lunii.
831 2902 883 2959 Hic
938 2903 1593 2977 torehabere¹⁰¹⁹coepisset,reperitearmin
1619 2908 1761 2969 Euticctis

59 2998 169 3055 missus
194 2996 475 3068 Constantinopolim
490 2998 524 3053 ad
553 2996 730 3052 lustinuma
756 2994 883 3051 Theodc·
938 2994 1041 3065 dogma
1056 2995 1214 3051 corruisse.
1242 2994 1356 3060 Quoad
1372 2994 1439 3050 adei
1465 2995 1594 3065 regulam
1612 3005 1760 3067 rcvacatn,

58 3088 130 3158 rico,
141 3101 206 3144 cnm
219 3086 348 3144 venisset
365 3086 400 3142 ad
417 3091 531 3158 portam
548 3100 675 3157 auream,
692 3098 801 3141 caecum
818 3082 883 3140 illu·
939 3083 1013 3140 idem
1030 3083 1172 3155 agapitus
1189 3097 1261 3156 papa
1277 3083 1442 3138 anthimum
1468 3085 1762 3157 Corrstantinopnlita-

56 3176 178 3233 minavit
193 3177 240 3247 (cl.
256 3178 376 3250 Banna).
938 3188 1005 3230 num
1021 3173 1200 3245 episcopum,
1226 3173 1276 3243 qui
1291 3173 1409 3229 eandem
1433 3173 1557 3231 heresim
1574 3174 1760 3245 defendebat,

91 3271 118 3322 7.
135 3268 170 3322 a.
189 3267 224 3321 Ι).
252 3270 316 3322 batt.
345 3265 538 3322 Theodericus
565 3279 617 3321 rex
631 3264 676 3299 ¹⁰²³
690 3264 825 3322 boecium
852 3269 880 3320 et
937 3262 1055 3335 publice
1070 3263 1207 3334 convicit,
1222 3277 1346 3333 eumque
1361 3263 1564 3320 communione
1581 3265 1715 3336 privavit,
1732 3272 1760 3322 rt

939 3358 970 3409 ut
986 3352 1110 3408 eundem
1124 3351 1243 3408 exilium
1260 3352 1400 3421 mitteret,
1418 3353 1587 3424 imperatori
1606 3356 1759 3425 persuasit.

937 3442 998 3498 Hoc
1014 3441 1103 3512 lacto,
1120 3456 1177 3497 non
1193 3440 1285 3496 multo
1302 3445 1368 3512 post
1386 3441 1460 3498 idem
1474 3444 1605 3513 pontifex
1620 3446 1761 3515 agapitus

938 3530 977 3586 ihi
993 3530 1039 3567 ¹⁰²⁰
1054 3531 1212 3588 defunctus
1226 3535 1280 3586 est.

974 3621 1087 3677 Interea
1101 3634 1166 3678 cum
1178 3621 1240 3692 jam
1256 3635 1308 3691 per
1324 3619 1430 3677 multos
1444 3635 1534 3679 annos
1545 3622 1677 3679 illaudati
1690 3626 1762 3681 asri-

937 3722 1000 3765 cam
1011 3714 1157 3779 tenerent,
1170 3710 1250 3765 misit
1260 3710 1419 3781 imperator
1431 3712 1593 3768 bilisarium
1607 3714 1761 3785 patricium

938 3815 1003 3857 cum
1019 3800 1153 3857 exercitu
1182 3803 1285 3855 contra
1300 3813 1360 3856 eos.
1390 3800 1443 3865 Qui
1459 3802 1578 3858 veniens
1607 3803 1761 3875 tribusque

938 3890 1098 3960 mensibus,
1116 3888 1144 3945 id
1168 3892 1214 3944 est
1230 3902 1244 3943 a
1262 3888 1400 3945 ltalendis
1423 3891 1602 3960 Septembris
1619 3896 1761 3964 usquead

938 3977 1083 4035 Kalendas
1098 3976 1277 4045 Decembris,
1308 3991 1359 4033 cns
1374 3977 1555 4050 impugnans,
1572 3980 1672 4037 multis
1687 3984 1763 4038 occi-

53 4070 134 4126 Urbe
144 4072 262 4128 condita
275 4071 427 4129 millesimo
442 4075 518 4142 2780,
534 4070 727 4141 iustinianus,
745 4070 822 4128 illius
837 4085 882 4128 ao·
938 4068 988 4139 sis,
1005 4065 1121 4123 tandem
1137 4079 1189 4122 eos
1205 4065 1285 4136 vicit,
1303 4067 1486 4135 Kartaginem
1515 4068 1645 4139 intravit,
1664 4085 1761 4141 regem

56 4160 248 4218 rorislustini
267 4161 462 4233 imperatoris,
479 4161 601 4218 hd⁰lcco
614 4161 649 4218 ab
672 4163 814 4231 augusto,
832 4160 883 4216 im·
937 4156 1144 4214 Wandalorum
1160 4155 1348 4211 Gelismerem
1375 4155 1470 4210 vivum
1485 4157 1572 4228 cepit,
1589 4172 1761 4230 omnemque

55 4250 170 4322 perium
187 4250 267 4307 sotus
296 4251 435 4321 obtinuit,
452 4253 480 4306 ct
496 4250 628 4307 asanais
658 4249 799 4320 regnavit.
830 4250 881 4308 Hic
938 4239 1075 4316 africam,
1089 4251 1156 4318 post
1166 4243 1320 4314 nonaginta
1332 4258 1483 4300 sexannos
1494 4260 1509 4300 a
1520 4247 1761 4318 wandalieojnre

55 4356 125 4398 mox
135 4345 168 4397 ut
181 4338 342 4412 imperialia
355 4340 420 4410 jura
430 4340 573 4411 suscepit,
586 4339 621 4396 ad
633 4339 827 4411 reparandum
839 4339 881 4395 rei
939 4336 1103 4406 liberatam,
1115 4335 1244 4391 Romanu
1256 4333 1378 4405 imperio
1390 4332 1525 4403 subjecit.
1539 4337 1646 4394 Deinde
1658 4350 1760 4403 cotnra

57 4428 184 4505 publicae
197 4434 304 4486 statum
317 4429 443 4486 animum
456 4428 591 4498 intendit,
604 4443 637 4485 oc
649 4427 772 4500 primum
782 4428 882 4488 Biliaa·
895 4402 923 4465 Ῑ)
938 4425 1116 4484 Theodatum
1132 4424 1249 4493 missus,
1268 4439 1333 4480 cum
1345 4422 1457 4480 veniret
1466 4425 1603 4500 Siciliam,
1614 4431 1762 4496 theodato

56 4521 134 4578 rium
147 4519 301 4593 patricium
313 4519 458 4588 ingentem
483 4518 575 4575 virum
588 4522 689 4575 contra
701 4519 815 4589 Persas,
832 4520 881 4592 qui
939 4516 1106 4585 interiecto,
1135 4513 1251 4584 Witigis
1268 4528 1387 4584 regnum
1403 4515 1468 4585 eius
1494 4517 1610 4592 invasit,
1629 4524 1680 4579 scd
1695 4541 1763 4584 eurr·

56 4609 203 4666 Romanos
217 4608 290 4665 llnes
306 4609 482 4678 invaserant,
499 4607 617 4677 direxit,
631 4607 680 4679 qui
692 4606 727 4664 de
742 4607 801 4667 iliis
814 4609 883 4666 viri·
937 4605 1003 4662 dem
1018 4607 1135 4677 captum
1152 4602 1305 4661 bilisarius
1317 4606 1596 4680 Constantinopolim
1612 4615 1759 4684 perduxit.

56 4696 127 4755 liter
140 4697 342 4770 triumphavit.
366 4699 479 4753 Interea
494 4711 546 4753 rex
575 4697 759 4769 liaculorum,
778 4699 882 4756 Gretes
937 4695 980 4769 (P.
996 4695 1028 4750 Ι).
1046 4709 1065 4764 1,
1081 4692 1139 4764 aa.)
1164 4691 1226 4748 alia
1243 4706 1357 4764 quoque
1373 4694 1473 4766 praeba
1491 4698 1580 4754 multa
1604 4701 1679 4757 idem
1696 4705 1762 4761 biti-

56 4787 183 4860 nomine,
201 4804 267 4846 cum
291 4787 397 4861 populo
413 4803 465 4845 suo
495 4786 775 4860 (cnstantmopolim
790 4788 880 4860 venit,
938 4784 1033 4845 sarius
1049 4780 1094 4816 ¹⁰²¹
1105 4781 1261 4853 commisit,
1274 4783 1441 4855 multasque
1456 4791 1558 4856 gentes
1569 4788 1762 4850 bellandnde-

57 4882 205 4951 petensut
215 4878 426 4951 baptizaretur.
440 4878 529 4944 Quem
541 4876 568 4932 in
579 4877 741 4950 epyphania
754 4878 882 4949 baptiza·
937 4876 1026 4941 vicit;
1041 4873 1118 4932 unde
1133 4877 1163 4930 et
1190 4875 1312 4944 propter
1341 4873 1449 4931 multas
1477 4876 1617 4934 victorias
1645 4880 1760 4940 diversa

55 4972 120 5025 tum
135 4967 295 5043 imperator
310 4969 346 5028 de
372 4970 450 5027 sonte
466 4968 606 5040 suscepit,
623 4967 841 5041 promittentem
856 4968 882 5026 ei
940 4965 1095 5040 agnomina
1110 4963 1228 5035 meruit,
1253 4962 1293 5020 ite
1310 4966 1342 5021 ut
1358 4969 1515 5021 vocaretur
1545 4965 1761 5046 alamannicus,

56 3356 258 3426 Symmachum
282 3355 379 3425 gladio
395 3354 567 3425 trucidavit,
593 3356 749 3412 iohannem
778 3367 881 3426 papam

55 3446 132 3501 tame
146 3445 174 3500 in
191 3460 309 3502 carcere
340 3445 465 3516 necavit,
483 3445 603 3517 ipseque
631 3449 679 3502 990
693 3445 739 3502 die
769 3445 880 3502 interiit

55 3533 212 3605 posthaec.

92 3627 118 3680 8.
137 3621 220 3695 (Chr.
243 3623 297 3696 W.)
314 3626 348 3679 a.
363 3625 398 3679 Ι).
419 3625 882 3682 thalustinuslustinianumre·

54 3713 107 3784 gni
120 3718 288 3770 consortem
303 3717 334 3770 et
349 3728 549 3772 successorem
565 3714 684 3786 iaciens,
702 3715 789 3772 obiit.
810 3717 882 3785 aga-

56 3801 196 3874 pitus¹⁰¹⁸
222 3818 293 3875 papa
316 3807 380 3859 59ΠΒ
394 3803 470 3862 sedit
498 3819 588 3862 annos
617 3805 728 3876 decem,
746 3804 821 3861 obiit
848 3807 883 3860 10

55 3889 120 3947 Ital.
137 3889 205 3948 ilai.

94 3979 144 4051 (Η,
160 3983 213 4055 nt.)
230 3984 313 4038 anno
338 3984 374 4039 ab
390 3983 591 4040 incarnatione
612 3982 724 4039 bomini
753 3985 828 4052 527⁰,
845 3982 881 4038 ab

739 5143 858 5202 Vallia]
877 5142 1078 5200 theutones

93 5270 387 5346 ¹⁰“solltnnincod
418 5278 447 5329 1.
465 5269 600 5331 samsom
622 5271 674 5330 est.
716 5268 875 5328 ¹⁰⁰⁹diviuo
899 5265 1098 5328 vinaticum.
1141 5260 1381 5343 ¹⁰¹⁰comparavlt
1397 5267 1422 5327 d.
1439 5273 1477 5328 9⁶.
1522 5263 1566 5306 ¹⁰¹¹
1586 5272 1646 5332 tit.
1664 5277 1689 5332 l.
1706 5269 1762 5350 qut

54 5343 130 5404 mdo
141 5343 177 5403 al
191 5357 221 5405 a.
234 5348 341 5404 tab—
352 5346 418 5403 tat.
432 5356 588 5402 nummum
599 5343 744 5416 mojorem
759 5341 886 5401 actitat.
927 5340 1002 5399 101Ἰ.
1021 5356 1094 5448 psspa
1111 5340 1161 5414 qui
1174 5344 1204 5400 et
1219 5356 1256 5399 m.
1274 5347 1299 5399 a.
1338 5339 1384 5375 ¹⁰¹³
1397 5343 1512 5402 dccciii
1528 5350 1552 5402 t.
1579 5343 1624 5380 ¹⁰¹⁴
1639 5349 1712 5407 Hoeo
1730 5361 1759 5407 a.

56 5420 121 5473 hait.
138 5417 169 5474 tt.
211 5415 408 5475 ¹⁰¹⁸l.esl9⁶.
447 5414 654 5475 ¹⁰¹⁰deestbt.
693 5413 993 5485 afflictabantur.

1068 5412 1304 5487 ‘transgularit
1342 5412 1524 5474 ¹⁰¹’deest9⁰.
1559 5417 1759 5477 ¹⁰²⁰ibidema.

55 5485 105 5522 ¹⁰²¹
120 5487 171 5550 tte
183 5489 285 5562 oerytt
296 5493 319 5544 t.
