3788 5992
92 219 150 282 158

704 218 954 287 cueomcon,
976 254 1016 268 -
1037 192 1115 286 ure.
1138 220 1176 285 rr.

1734 215 1791 286 att

89 350 393 412 triecteeimomninm
404 352 604 414 aecclesiarum
615 353 768 413 insudaret
778 357 913 414 utilitati·
929 354 955 416 A
971 356 1112 425 moribus,
1130 359 1158 414 et
1174 356 1211 414 ab
1227 354 1291 430 ipse
1308 355 1580 430 praecellentissimo
1601 365 1671 429 rege
1683 356 1790 418 llaroic

90 442 157 516 bus,
174 442 247 498 banc
267 448 363 500 tamen
390 457 448 514 prae
473 445 607 501 omnibus
631 445 704 501 loeis
727 446 821 502 saeris
847 453 913 516 post

90 532 224 605 primam,
241 546 305 604 quae
321 532 406 588 sedes
422 536 467 589 est
482 533 667 604 episcopalis,
680 535 781 599 caluit,
792 534 915 605 arnpliil-

89 621 916 694 eavit,etprercxit.Qoodctiamcmrrespraedeccssores

90 711 156 780 ejus
168 710 274 766 iecisse
286 710 427 777 norimus,
440 715 542 781 utpote
555 710 602 780 qni
615 713 748 783 exceptis
761 713 915 784 perpaucis

90 797 277 854 omnesinca
290 798 850 872 sedembabentrequietionisrleecpit
864 802 916 858 boc

92 886 241 958 privilegii
256 887 361 942 donum
378 887 509 944 aecclesia
521 888 581 958 ipsa
595 904 609 944 a
623 890 707 944 beato
720 895 803 961 patre
818 889 916 947 debito

91 989 158 1030 curn
184 975 294 1030 bonore
318 975 493 1032 nominando
514 978 662 1047 Sanetino,
688 993 740 1034 suc
765 979 917 1035 fundatore

94 1062 249 1132 primoque
272 1063 440 1120 christianae
466 1065 618 1135 religionis
640 1072 669 1122 et
694 1068 817 1122 nominis
842 1067 916 1139 apud

92 1150 185 1221 ipsam
203 1153 304 1209 urbem
319 1153 449 1222 doctore,
470 1159 582 1226 etpost
609 1161 728 1212 mairem
754 1156 917 1214 aecclesiam

92 1236 155 1310 ipsa
172 1245 254 1296 esset
268 1246 355 1312 capnt
371 1243 497 1299 orrrnium
521 1244 710 1300 virdunensis
726 1245 851 1301 diocesis
865 1261 918 1301 aee·

91 1328 284 1398 etesiarum,a
298 1344 352 1399 qua
364 1335 495 1385 etmater
506 1331 638 1388 aeeelcsia
665 1333 726 1403 ipsa
739 1334 917 1390 subsistendi

90 1418 260 1488 accepisset
274 1417 390 1473 inicium
406 1436 413 1484 ;
430 1434 493 1489 qnae
510 1421 595 1476 etiam
617 1428 662 1477 est
686 1423 722 1477 ab
747 1422 866 1491 antiqno
883 1423 918 1478 ab

93 1505 165 1576 ipsis
179 1507 293 1561 seilicet
309 1509 458 1563 nascentis
470 1510 610 1565 ecelesiae
623 1511 790 1581 primordiis
800 1513 920 1568 cimete-

94 1593 167 1648 rium
183 1594 388 1665 episcoporum
404 1600 433 1650 et
450 1596 627 1667 reliquorum
646 1599 773 1655 lldeliunr
786 1600 920 1656 christia-

969 445 1037 516 qnia
1053 453 1081 501 ct
1098 461 1257 516 congruum
1274 453 1348 511 erat.
1367 454 1398 505 ut
1414 463 1497 518 quem
1516 448 1791 519 nominuspcrmde-

971 541 1015 590 rat
1030 535 1133 603 pratia,
1151 537 1187 590 ab
1203 537 1338 593 omnibus
1362 542 1520 593 amaretur.
1536 537 1678 592 surdebat
1701 535 1791 592 ornei·

972 624 1026 680 bus
1043 638 1094 693 per
1108 624 1201 678 omnia
1219 624 1344 694 placere,
1364 640 1420 681 non
1439 641 1473 681 eo
1491 624 1584 693 modo,
1602 639 1658 695 quo
1674 623 1791 694 placent
1877 643 1880 647 ·

971 711 1146 781 horninibus,
1156 728 1278 782 quorum
1293 715 1366 769 [lens
1377 714 1614 784 dissipabitossa,
1624 711 1793 783 utreplean·

972 804 1021 857 tur
1032 802 1201 857 eoninsione
1213 803 1248 857 ab
1262 803 1540 872 indignationeque,
1550 801 1600 857 sed
1609 801 1723 871 illoque
1733 815 1792 856 our-

972 890 1059 947 nibus
1077 905 1127 960 per·
1143 892 1236 946 omnia
1254 891 1388 961 placebat
1407 891 1569 962 apostotus,
1588 905 1643 947 non
1668 902 1793 961 querens

973 980 1049 1048 quod
1068 978 1122 1034 sibi
1140 984 1219 1034 esset
1237 978 1317 1048 utile,
1331 978 1382 1034 sed
1399 979 1474 1049 qnod
1493 979 1601 1048 multis,
1614 984 1645 1034 nt
1661 977 1733 1034 salvi
1745 976 1793 1032 tie·

973 1072 1048 1121 rent.
1059 1066 1126 1121 ldeo
1139 1067 1211 1121 bona
1224 1067 1402 1123 conscientia
1414 1067 1511 1122 dicere
1530 1071 1641 1138 poterat
1654 1063 1794 1122 auditori-

974 1156 1027 1211 bus
1043 1155 1103 1211 suis
1121 1171 1184 1210 curn
1204 1156 1304 1210 cedern
1322 1156 1456 1226 apostolo
1473 1175 1479 1210 :
1496 1155 1667 1211 sarcitectores
1679 1155 1738 1212 otei
1752 1167 1794 1211 cs·

974 1243 1039 1312 tote,
1052 1243 1132 1300 sicet
1146 1244 1174 1298 et
1188 1257 1238 1312 ece
1254 1244 1369 1300 dictati
1384 1245 1416 1307 (I
1430 1243 1494 1299 Cer.
1514 1259 1548 1311 rr,
1565 1247 1619 1312 t6,·
1634 1258 1672 1310 xr,
1687 1246 1725 1308 t),
1745 1241 1792 1312 qui

974 1332 1075 1400 utique
1085 1331 1199 1386 uolebat
1215 1331 1276 1386 sine
1288 1331 1444 1387 otl'ensione
1456 1345 1519 1386 esse
1532 1330 1673 1386 aecclesie
1684 1331 1744 1398 liei,
1754 1329 1793 1385 ita

974 1421 1089 1476 seilicet
1104 1421 1323 1490 tenrperandmn
1350 1420 1458 1475 <locens
1483 1418 1744 1488 eenrersationem,
1758 1431 1794 1472 ne

975 1509 1040 1580 qrris
1058 1510 1083 1563 in
1101 1524 1133 1564 ea
1151 1509 1319 1564 scandalunt
1337 1511 1488 1578 pateretur
1502 1505 1545 1561 ²³⁸.
1606 1525 1608 1529 ’

1011 1598 1140 1668 11118.)
1156 1598 1210 1652 Sed
1227 1598 1294 1666 qnid
1313 1611 1366 1652 nos
1383 1597 1410 1651 in
1430 1595 1513 1652 laude
1528 1595 1591 1664 ejus
1606 1598 1793 1665 temptamus,

94 1696 208 1737 norum.
218 1683 300 1748 Quod
314 1684 495 1755 privilegium
510 1686 548 1741 ita
562 1689 757 1757 permansitct
770 1693 917 1759 permanet
934 1709 960 1770 B
976 1687 1053 1757 quod
1069 1702 1122 1742 non
1141 1686 1300 1742 sufficimus
1314 1685 1481 1757 explicare?
1494 1687 1556 1756 lpse
1569 1684 1644 1740 enirn
1661 1682 1723 1740 lans
1734 1681 1796 1752 eius

96 1770 310 1839 inconvulsum,
330 1778 359 1826 ut
377 1773 403 1828 in
420 1788 452 1829 ea
474 1775 535 1829 iere
558 1790 658 1830 ornnes
683 1776 812 1846 ejusdem
838 1778 919 1835 urbis
976 1779 1032 1844 cst,
1047 1777 1094 1845 qui
1114 1776 1139 1830 in
1159 1774 1576 1846 sanctissuislarrdatiiliscst.
1590 1774 1798 1840 orroei-eones

95 1858 252 1930 pontrnees
265 1858 515 1929 leganturdivinis
526 1864 617 1932 aptati
634 1866 773 1931 seruitiis,
787 1869 920 1922 tonsore·
977 1864 1057 1921 ducit
1073 1864 1188 1919 oratio?
1199 1864 1273 1930 Quid
1287 1878 1380 1919 moras
1390 1863 1564 1919 innectimus
1574 1864 1585 1916 i
1597 1861 1669 1927 Quid
1683 1861 1796 1916 felicem

97 1946 920 2022 ti,nutriti,edocti,consecrati,exceptaipsainunctione
977 1952 1067 2021 ejrrse
1084 1951 1191 2007 mundo
1208 1951 1363 2005 transitum
1382 1949 1524 2021 replicare
1541 1950 1701 2005 tricornes?
1713 1947 1798 2004 adsit

97 2035 540 2108 pontificalisdignitatis,quam
550 2045 663 2096 constat
675 2055 740 2097 osse
754 2043 854 2097 matris
867 2059 922 2099 rec-

97 2124 206 2194 etesiae,
220 2131 249 2180 et
263 2127 452 2196 frequentius,
468 2129 515 2198 qni
529 2130 555 2184 in
568 2144 599 2185 en
615 2130 706 2184 innoti
724 2137 789 2187 sunt
808 2132 923 2189 abbatis

96 2213 204 2281 oiiieio,
216 2229 269 2284 pro
280 2215 420 2271 virtutum
433 2217 531 2273 studio
547 2218 714 2274 intronizati
731 2220 789 2274 sint
805 2220 831 2274 in
849 2219 923 2276 solio

98 2301 272 2372 episcopali.
290 2304 323 2356 Et
341 2304 445 2359 merito
462 2310 619 2361 uenerator
637 2309 672 2362 ab
692 2307 825 2363 omnibus
842 2307 923 2365 loeus

99 2389 159 2458 ille,
177 2390 283 2445 merito
299 2392 459 2461 expetitur.
472 2394 576 2448 rarerito
593 2393 735 2464 diligitur,
748 2410 833 2464 quem
850 2411 923 2466 apex

98 2481 189 2534 tantae
206 2478 359 2547 dignitatis
375 2479 496 2550 attollit,
511 2482 576 2550 quia
592 2482 648 2536 etsi
664 2484 717 2552 eis,
732 2484 780 2552 qui
798 2484 846 2539 illo
861 2499 925 2541 ora·

101 2566 158 2621 turi
175 2566 365 2636 conueniunt,
380 2568 428 2638 qui
440 2570 498 2624 lieo
511 2569 579 2624 inibi
598 2570 783 2640 famulantur,
797 2572 844 2642 qni
862 2587 926 2627 cor·

102 2667 171 2723 pora
189 2667 240 2709 sua
257 2654 295 2709 ob
312 2659 481 2711 sanctornm
515 2657 675 2726 patrocinia
703 2659 763 2714 illic
788 2658 924 2715 turnrrlari

978 2041 1039 2112 ipsc
1054 2042 1139 2095 nobis
1153 2040 1306 2112 propitius,
1320 2044 1350 2094 ut
1360 2039 1444 2107 <ligna
1456 2039 1507 2094 lari
1519 2039 1675 2106 valeamus,
1687 2037 1797 2108 aspiret

977 2130 1170 2185 coralinostro
1183 2123 1804 2198 rrreritisejnsSpiritussanetusetnostris

980 2219 1149 2274 intendatur
1166 2216 1338 2272 visceribus.
1356 2216 1489 2271 Dieanms
1504 2215 1612 2285 itaque,
1625 2214 1700 2284 quod
1713 2213 1798 2269 dede·

980 2307 1016 2361 rit
1036 2307 1098 2378 ipsc
1115 2306 1150 2361 dc
1167 2320 1223 2375 qno
1236 2304 1389 2374 loquimur,
1402 2309 1431 2358 et
1443 2303 1586 2373 utromodo
1598 2303 1632 2357 de
1646 2301 1751 2356 mundo
1762 2298 1798 2355 ad

981 2389 1799 2461 Christrrrn,enideuotusservieret,migrarorit,breviter

980 2476 1796 2551 indagemus.ddrerrcratjarntempusresolutioniscjus,

980 2577 1011 2627 et
1024 2572 1126 2626 licetne
1139 2572 1201 2641 ipsc
1214 2570 1248 2625 ad
1259 2568 1409 2639 quemdam
1423 2567 1564 2638 episcopii
1577 2566 1800 2621 inndnmtrans·

982 2659 1055 2714 ierat
1071 2673 1158 2715 carrrsa
1181 2656 1442 2713 consecrandarum
1468 2655 1675 2724 aecclesiarum,
1693 2653 1742 2710 ubi
1759 2657 1800 2710 ta·

104 2746 272 2812 precantur,
286 2742 394 2800 desunt
406 2745 479 2799 bona
495 2745 638 2815 adquisita
652 2761 703 2818 per
715 2748 927 2818 rncr·iturn‚sui-
981 2753 1048 2803 etos
1063 2745 1241 2814 digladiabili
1258 2750 1337 2801 sorte
1354 2748 1479 2807 naturae,
1494 2744 1554 2799 acri
1571 2743 1659 2813 coepit
1685 2741 1799 2813 fatigari

105 2831 191 2887 dcere
210 2837 344 2901 possunt,
357 2848 421 2902 quaa
436 2847 450 2888 a
470 2833 524 2890 toci
543 2835 694 2890 fundatore
704 2841 807 2893 sancto
817 2838 928 2892 Sancti·
982 2834 1092 2891 dolore.
1109 2835 1131 2890 0
1151 2835 1386 2903 beatunr,evcre
1404 2834 1526 2902 felicem,
1539 2833 1587 2902 qui
1599 2831 1695 2887 sciens
1711 2829 1801 2886 immi-

106 2934 183 2991 eo,a
211 2921 323 2977 sanctis
353 2921 423 2992 inibi
449 2922 666 2992 quiescentibus
697 2928 925 2997 praestabuntur,
983 2940 1052 2980 nere
1068 2924 1210 2980 transitus
1227 2924 1270 2979 soi
1288 2923 1373 2990 diem,
1391 2923 1558 2977 fatiscentes
1584 2924 1665 2976 artus
1685 2918 1800 2990 spiritui
1883 2940 1890 2961 ·

107 3014 203 3064 tamen
213 3008 380 3080 proetides
399 3012 560 3080 petentium
581 3013 750 3069 merebitur.
761 3015 928 3071 attestatur
943 3061 967 3123 C
984 3013 1095 3071 servire
1112 3013 1244 3081 cogebat,
1256 3013 1356 3067 bonam
1368 3010 1441 3065 banc
1452 3009 1593 3064 virtutum
1606 3023 1723 3064 suarum
1736 3021 1803 3064 eon·

107 3097 172 3153 buie
185 3103 295 3155 nostrae
307 3099 508 3170 astipulationi
522 3101 929 3160 domnchrtariimemorabi-
983 3101 1203 3158 summationem
1215 3100 1397 3166 existimans,
1411 3099 1433 3153 si
1446 3098 1473 3152 in
1487 3103 1543 3151 tarn
1557 3096 1613 3167 pio,
1623 3100 1680 3151 tam
1692 3094 1800 3152 celebri

105 3183 142 3241 lis
154 3185 328 3257 antiquitas,
341 3186 389 3256 qui
402 3194 568 3244 sanctornm
579 3189 803 3247 virdunensium
815 3193 928 3262 pontiir·
983 3190 1031 3246 liei
1046 3189 1167 3245 servitio
1183 3180 1361 3258 expenderet
1375 3184 1451 3256 qued
1469 3184 1612 3254 reliquum
1628 3188 1692 3238 crat
1707 3182 1801 3238 attriti

105 3289 169 3331 cum
182 3280 249 3331 acta
265 3275 420 3346 replicans,
435 3276 562 3333 basilieae
574 3292 689 3349 quoque
701 3278 787 3346 bajus
800 3281 928 3335 meminit
982 3279 1115 3351 eorporis
1129 3277 1243 3334 sirium.
1256 3278 1374 3331 Fecerat
1392 3276 1490 3344 itaque
1505 3274 1583 3329 rotis
1600 3273 1683 3329 satis.
1700 3272 1803 3328 Conse-

106 3362 133 3418 in
150 3362 214 3420 baec
228 3364 318 3419 rerba
335 3364 431 3434 (Beer.
446 3365 472 3435 i)
486 3385 492 3419 :
505 3365 652 3436 Basilice,
666 3367 808 3438 inquiens,
821 3370 854 3425 io
868 3383 930 3441 quc
983 3369 1075 3426 erarii
1092 3381 1215 3438 carraque
1231 3365 1286 3422 rici
1304 3364 1382 3420 illius
1395 3363 1554 3431 aecclesias,
1570 3367 1598 3418 ct
1619 3361 1802 3418 consecratio

101 3450 242 3523 predicti
257 3453 385 3524 episcopt
397 3455 598 3524 requiesceret,
616 3457 662 3512 cst
679 3456 712 3512 ie
734 3456 842 3512 docere
861 3471 929 3514 son·
983 3457 1046 3528 ipsa
1071 3456 1148 3525 riget
1177 3469 1267 3525 usquc
1283 3454 1310 3509 in
1327 3453 1498 3510 hodiernum
1523 3451 1608 3506 dierrr.
1624 3453 1713 3507 Tanta
1728 3447 1803 3504 enim

102 3540 143 3597 cti
157 3539 246 3597 Petri
259 3541 439 3611 constructe,
454 3542 485 3598 et
497 3542 587 3599 debet
612 3544 773 3600 inultorum
785 3547 930 3616 episcopo·
983 3549 1046 3602 erat
1064 3550 1132 3602 tune
1146 3550 1175 3599 et
1192 3558 1267 3599 nnnc
1281 3546 1326 3598 est
1340 3541 1503 3597 auctoritas
1514 3539 1567 3595 viri
1582 3538 1687 3608 sancti,
1702 3541 1733 3593 ut
1744 3535 1806 3592 nul-

102 3641 171 3684 rem
183 3629 353 3701 sepulchro,
370 3630 529 3702 ciprepter
543 3631 597 3687 doc
615 3632 740 3688 ancttrcm
758 3633 930 3704 cfldelidrrs
984 3634 1030 3692 lus
1047 3634 1250 3705 episcoporum
1264 3630 1395 3702 quamvis
1407 3635 1539 3697 sanctus,
1555 3626 1804 3698 quarnvisjustus,

103 3717 284 3773 sermondo.
753 3732 757 3744 ’
984 3721 1235 3780 consecrationem
1253 3720 1343 3791 ipsam
1359 3718 1500 3775 reiterare
1522 3717 1568 3772 vel
1593 3716 1736 3772 inmutare
1758 3728 1807 3771 au-

144 3804 216 3874 (Fol.
234 3805 291 3874 57.)
307 3805 378 3861 lluic
395 3819 464 3875 ergo
479 3805 543 3862 leco
559 3805 663 3862 beatus
677 3807 842 3865 lladelvcus
856 3822 930 3865 anno
985 3812 1063 3880 deat,
1073 3810 1121 3865 sed
1135 3808 1271 3880 perennis
1281 3811 1325 3863 est
1339 3806 1416 3878 apud
1427 3811 1547 3863 cunctos
1559 3810 1627 3862 tune
1641 3804 1714 3860 lacta
1726 3801 1807 3859 dedi-

107 3892 175 3950 ritae
192 3908 254 3949 suae
271 3892 441 3963 penultimo,
453 3893 714 3951 donclheutbardi
726 3894 760 3928 ²³³
771 3896 928 3967 adquisivit
985 3900 1072 3968 catio,
1085 3904 1115 3954 et
1130 3898 1187 3952 crit
1204 3894 1424 3968 perpetualiter.
1437 3897 1504 3951 Tota
1521 3895 1610 3965 igitur
1626 3893 1707 3960 urbe,
1720 3892 1806 3950 immo

109 3995 157 4038 res
173 3980 314 4053 quasdam
330 3982 403 4037 sitas
420 3982 447 4039 in
464 3982 638 4038 virdunensi
652 3998 736 4055 pago,
748 3983 810 4040 loeo
827 3985 874 4055 qui
890 3985 931 4040 di·
986 3992 1048 4043 tota
1065 3986 1183 4056 regione
1200 3989 1314 4041 astante
1330 3987 1359 4039 et
1380 3982 1415 4040 ad
1445 3984 1563 4039 verbum
1580 3982 1640 4037 oris
1662 3980 1725 4050 eJus
1741 3994 1808 4051 pen·

109 4071 187 4127 citur
202 4069 316 4126 Oiirlini
333 4071 436 4137 curtis,
453 4072 526 4128 etin
543 4072 597 4127 irrre
622 4073 814 4143 bettiliniaca,
832 4074 858 4129 in
877 4075 931 4132 ime
986 4076 1257 4144 dente,scrrn0nem
1269 4072 1335 4128 iecit
1347 4070 1524 4128 ornnibusde
1536 4070 1600 4141 ipso
1617 4070 1692 4125 tosto
1708 4068 1808 4124 aeccle·

110 4173 228 4230 quoqne
243 4158 395 4229 virelinse,
410 4175 482 4230 quas
494 4161 931 4232 idemleutlrardusagenitore
987 4159 1807 4231 simetqniapraesentialiteribidemsanctussanctornm

110 4261 165 4302 suo
179 4247 331 4303 Guntbero
347 4247 402 4303 sibi
420 4248 538 4305 relictas
549 4249 615 4318 iure
637 4249 806 4319 possidebat
823 4251 933 4307 beredi-
988 4248 1271 4318 advener·it‚currctis
1283 4246 1571 4316 adnuntiavit,atque
1582 4242 1807 4302 ncconseeratio

109 4335 188 4392 tario
205 4335 348 4406 interris,
366 4336 483 4407 mansis,
495 4337 617 4409 campis,
633 4338 735 4409 pratis,
748 4340 933 4410 pascuis,sil-
989 4341 1182 4397 reiteraretur
1198 4336 1356 4409 probibuit.
1373 4334 1491 4391 landem
1508 4335 1642 4391 omnibus
1657 4333 1807 4403 valedixit,

110 4422 165 4494 vis,
192 4424 278 4496 aquis
301 4439 500 4496 aquarumque
523 4426 706 4495 decursibus,
728 4432 757 4481 ct
783 4427 932 4484 basilicam
947 4414 973 4476 D
990 4441 1130 4498 suumque
1146 4425 1256 4481 exitum
1283 4424 1424 4480 maturius
1447 4423 1602 4480 allaturum
1625 4421 1809 4495 praecinto

111 4513 204 4568 sancti
226 4512 340 4568 llartini
367 4512 393 4567 in
419 4512 480 4584 ipsa
500 4513 568 4569 villa
589 4513 769 4570 bettiliniaca
791 4514 847 4586 (60)
868 4531 934 4572 con·
990 4519 1117 4587 quantos
1132 4514 1159 4568 in
1182 4528 1250 4569 voec
1265 4512 1326 4569 baec
1342 4513 1439 4569 luctus
1453 4513 1590 4580 omnium,
1605 4525 1668 4582 quae
1684 4509 1810 4582 suspiria

112 4603 267 4669 structam,
281 4601 462 4670 quaomnia,
476 4600 552 4657 sicut
570 4600 693 4657 babebat
709 4607 738 4657 et
753 4603 932 4673 possidebat,
988 4606 1136 4676 iuuenum,
1146 4602 1246 4672 quanti
1257 4603 1384 4672 gemitus
1394 4600 1610 4657 dolentiumiilt
1623 4599 1687 4670 quis
1699 4597 1810 4655 nonlic-

111 4693 216 4745 saucto
230 4687 335 4743 vitono
351 4691 380 4743 et
396 4688 463 4745 baie
485 4689 561 4760 patri
586 4693 685 4746 nestro
712 4689 786 4745 idem
810 4690 935 4748 eontulit
991 4697 1046 4763 ret,
1059 4692 1107 4749 ubi
1124 4695 1224 4746 tantus
1238 4690 1281 4745 vir
1296 4704 1379 4745 suum
1392 4704 1406 4745 a
1418 4688 1526 4744 saeculo
1541 4687 1695 4744 nunciabat
1711 4699 1811 4742 exces-

113 4773 329 4847 perpetualiter
344 4775 518 4847 possidenda
531 4791 605 4832 anno
618 4777 674 4832 ine.
689 4778 768 4833 born.
780 4783 832 4834 775
847 4779 937 4834 indic·
992 4796 1053 4838 sum
1068 4782 1080 4834 ?
1095 4778 1148 4846 Qni
1164 4793 1195 4834 sc
1211 4778 1361 4833 cohiberet
1378 4793 1392 4831 a
1410 4775 1546 4843 lacrimis,
1565 4775 1612 4830 obi
1638 4777 1718 4830 tanta
1747 4777 1809 4830 erat

113 4864 193 4919 tione
213 4864 255 4933 11,
272 4870 411 4933 regnante
426 4864 533 4919 llarolo
548 4865 649 4934 Magno
664 4879 739 4921 anno
765 4867 844 4937 regni
873 4866 937 4937 ejus
993 4869 1146 4926 destitutio
1163 4866 1289 4923 omnium
1305 4864 1333 4919 in
1349 4864 1479 4921 absentia
1495 4861 1569 4918 tanti
1586 4861 1679 4932 patris
1693 4862 1705 4916 t
1720 4861 1812 4933 igitur

112 4954 138 5020 8,
154 4952 201 5008 die
217 4955 233 5005 s
249 4953 317 5009 ldus
331 4953 511 5023 Novembris,
530 4953 556 5007 in
573 4953 635 5023 ipsa
662 4954 778 5012 scilicet
800 4955 938 5028 sollemp-
993 4959 1132 5013 consueta
1148 4955 1253 5011 sedetis
1270 4952 1442 5009 documenta
1466 4949 1613 5022 replicans
1637 4964 1726 5021 seque
1753 4948 1811 5006 illis

114 5040 207 5096 nitate
224 5041 317 5097 saneti
333 5041 426 5112 patris
442 5041 535 5098 nostri
552 5042 659 5099 vitoni.
993 5043 1208 5112 commendans,
1226 5041 1360 5098 omnibus
1378 5040 1534 5107 benedixit,
1547 5044 1576 5094 et
1591 5043 1622 5094 nt
1638 5038 1745 5094 domini
1762 5037 1813 5093 liei

149 5114 334 5200 Diligeba'tur
349 5134 446 5187 autem
461 5132 497 5189 ab
513 5131 647 5188 omnibus
660 5131 753 5189 totius
777 5133 859 5203 regni
882 5133 940 5205 pri·
995 5133 1226 5188 memorarentur
1239 5124 1408 5197 ammonuit,
1423 5130 1452 5181 et
1468 5125 1508 5183 sic
1523 5124 1642 5197 expleto
1656 5123 1749 5181 cilicio
1764 5120 1814 5178 do

800 5247 918 5304 lellAE
938 5244 1129 5303 tectiores

114 5338 151 5375 ⁸⁸⁸
163 5340 324 5413 sedebardi
340 5354 415 5401 cora.
433 5341 582 5401 teuthardi
598 5356 622 5401 c.
636 5341 671 5378 ¹³⁶
687 5344 775 5400 verte
791 5343 815 5401 tl
832 5342 899 5402 tolia
915 5347 945 5400 ct
961 5341 1078 5413 require
1092 5336 1245 5411 sequentia
1261 5337 1317 5393 sub
1332 5335 1387 5392 boc
1404 5334 1487 5406 sigeo
1502 5332 1565 5392 cod.

912 5439 1024 5498 ΝΟΜ.

153 5509 211 5583 (60)
229 5508 406 5568 Bettinvillc.
