3788 6000
138 225 176 292 71
613 219 796 288 HUGONIS
817 214 995 284 ABBATIS
1015 215 1357 283 FLAVINIACENSIS
1800 222 1840 287 ta

136 363 387 435 sub'institutionc
404 361 516 435 praelati
526 360 759 433 patrisSeverus‚
775 363 876 430 postea
892 357 958 412 Tre·
972 357 1000 418 Α
1016 355 1238 426 perextendens,
1248 355 1437 411 desiderabat
1449 355 1669 415 Christoearnis
1680 358 1839 415 mortifica·

134 454 264 511 virorum
276 456 398 510 sanctus
412 451 580 522 episcopus,
591 448 713 505 Albinus
725 462 840 518 queque
856 445 956 501 Catha-

135 541 292 611 launeusis,
310 546 338 597 et
367 544 485 597 satiatus
510 537 677 606 Emittanus,
695 539 815 592 sanctus
841 546 957 605 quoquc

137 629 309 700 aventinus,
319 631 420 702 postea
436 630 593 685 trecorum
605 626 771 697 episcopus,
795 639 859 680 euru
890 622 955 679 aliis

135 736 222 792 quam
238 719 388 792 pluribus;
399 716 657 789 quiomncsgratia
668 715 717 770 bei
729 712 956 770 innumeriscla·

135 823 223 866 ruere
238 795 398 876 mi'raculis,
409 811 441 863 ut
452 801 824 873 exmeritisdiscipulorum
835 802 955 859 daretur

136 896 260 969 intelligi
272 901 389 968 quantae
406 893 574 951 sanctitatis
592 892 731 961 magister
756 890 954 946 eorumiuerit

136 987 185 1058 qui
201 985 277 1042 tales
292 985 377 1041 invia
392 983 443 1040 Dei
459 980 660 1053 ¹²³diseipulos
677 978 875 1035 informaverit
892 976 952 1047 (iol.

135 1076 191 1146 Ἢ).
210 1075 297 1130 Beata
314 1071 471 1128 nimiumet
484 1069 715 1125 Dominonostro
726 1066 953 1135 gratasocietas

136 1164 164 1220 in
181 1176 237 1233 quo
249 1166 313 1218 erat
324 1160 424 1217 videre
440 1156 860 1228 tranquillitatesanimorum,
878 1168 956 1209 mau-

134 1248 446 1320 suetudinisstudium,
460 1245 672 1303 moderationis
687 1243 955 1314 gratiambouesta-

135 1341 331 1408 tiseuram,et
344 1336 611 1394 consideracionem
633 1334 758 1404 decoris,
782 1333 858 1389 inter
883 1347 955 1404 quas

134 1428 262 1485 virtutes
275 1427 365 1498 prima
377 1425 433 1481 sibi
451 1423 704 1480 tundamentumin
724 1421 768 1477 eis
779 1421 954 1478 verecundia

109 1512 113 1518 '
136 1513 349 1588 posuerattscd
362 1510 953 1584 quiautaequaliumcohabitatiodulcicr,

135 1605 175 1660 ita
190 1610 221 1660 et
233 1618 334 1661 senum
344 1603 496 1671 tutiorest,
506 1600 584 1656 beuti
596 1599 649 1655 viri
665 1598 884 1671 Luplindividui
906 1598 954 1654 ad-

135 1693 278 1750 herebant
287 1692 489 1761 contuhernic,
499 1690 546 1761 qui
556 1689 855 1760 ruagistcrioquodaru
867 1693 897 1744 et
906 1689 955 1745 du·
969 1718 997 1779 B

134 1782 229 1837 ctrina
247 1781 315 1839 vitae
332 1779 484 1837 colorabat
495 1777 828 1847 moresadclcsccntum,
839 1776 953 1833 etvclut

136 1870 245 1926 murice
262 1868 422 1941 probitatis
439 1866 572 1924 inficieba
583 1867 689 1934 tQuod
702 1866 818 1936 quidem
832 1865 955 1921 maxima

134 1957 179 2014 vir
189 1958 248 2014 lieo
264 1957 369 2029 plenus
381 1956 558 2027 adimplebat
568 1955 674 2025 gratia,
689 1953 838 2010 utvidcrct
852 1952 957 2010 alacri·

136 2045 188 2102 bus
205 2043 270 2102 illes
282 2045 386 2102 animis
396 2043 430 2077 ¹²⁴
442 2044 533 2117 patris
546 2043 682 2100 instituta
697 2042 789 2114 sequi,
816 2056 890 2113 quos
901 2058 954 2098 nec

134 2135 295 2206 abineepto
306 2133 450 2205 gravioris
461 2133 601 2205 propositi
614 2132 783 2188 deterrebat
793 2131 954 2202 rigoncum

132 2222 272 2295 juvenilis
287 2222 425 2280 alacritas
440 2223 474 2278 ad
487 2236 520 2278 ea
536 2221 953 2293 semperconvertaturstudia

135 2327 200 2384 quae
210 2313 374 2368 arbitratur
388 2310 598 2383 plausibiliora.
619 2312 697 2365 tuter
713 2311 766 2364 hos
778 2309 876 2380 itaque
888 2324 955 2366 cen-

134 2399 259 2457 tribules
270 2398 304 2434 ¹¹⁸
317 2415 387 2458 suos
408 2400 513 2457 beatus
529 2397 721 2455 Pulclrronius
733 2397 954 2455 ureritorumra-

134 2488 234 2546 diabat
242 2487 557 2561 tampadettonestatis
566 2486 694 2557 fulgebat
703 2486 955 2543 decorcomnimo·

133 2576 179 2634 dis
193 2584 331 2648 satagens
344 2583 374 2635 ut
391 2577 469 2635 dese
487 2576 686 2647 uuusquisque
700 2578 729 2631 et
760 2575 883 2632 maxime
910 2576 955 2631 vir

134 2666 264 2737 optimus
273 2666 489 2735 bcuasentiret,
500 2666 714 2736 quapropterct
724 2664 856 2720 omnihus
868 2664 952 2721 honis

134 2753 263 2810 debitam
271 2754 428 2810 exhibebat
436 2753 641 2810 reverentiam.
653 2752 779 2808 cavebat
790 2757 886 2809 ructus
894 2753 954 2809 aui·

134 2840 329 2912 mijuvenilis‚
346 2854 378 2897 se
394 2840 953 2913 ipsumobservansetcircumspiciens,

133 2933 163 2985 et
175 2929 763 3002 prorumpentesinseappetitusquadarn
774 2929 897 2985 vianimi
907 2947 954 2988 co-

132 3017 257 3075 hercens
267 3020 530 3090 atquerctrarnans,
543 3032 578 3074 ne
594 3019 744 3089 appetitus
755 3018 896 3075 rationem
907 3019 953 3076 vei

132 3113 328 3180 precurreret
342 3107 389 3164 vel
402 3107 563 3175 desereret,
576 3120 611 3162 ne
624 3105 833 3178 praecurrendo
839 3113 952 3179 pertur-

132 3197 216 3253 haret
245 3212 308 3254 eam
323 3202 411 3268 atque
441 3195 623 3266 excluderet,
644 3200 673 3251 et
693 3197 954 3254 deserendodesti·

130 3288 238 3342 lueret.
255 3285 289 3342 ttt
306 3283 688 3357 itasingularumactionum
699 3286 801 3342 modos
816 3300 949 3356 servans,

128 3372 260 3429 ordinem
268 3379 420 3445 quoqueet
428 3372 621 3430 constantiam
634 3374 779 3431 dictorum
792 3380 950 3433 suorumet

128 3462 951 3534 operummoderationemquecustodiens,decoroilliiu-

131 3549 496 3623 tendebatquodgeneraie
508 3565 574 3608 esse
594 3555 623 3606 et
640 3551 766 3624 speciale
791 3556 953 3609 attestatur

129 3637 361 3697 moralisdoctor
377 3638 670 3697 Ambrosiusiulibre
681 3640 841 3712 de0iileiis,
854 3641 894 3697 ita
911 3641 952 3697 in·

132 3727 245 3800 quiens:
254 3728 477 3799 «Estdeeorum,
487 3728 803 3801 ait,quodpraeeminet
813 3731 953 3802 muiusdi-

135 3815 211 3874 visio
222 3808 399 3889 pemiuacst.
419 3818 540 3875 Namcst
556 3818 788 3889 decorumquasi
802 3818 951 3890 gencrale,

130 3904 500 3979 quodperuniversitatem
509 3907 856 3978 tunditurhonestatis,et
867 3908 950 3980 quasi

1015 444 1837 517 tionceonsepeliri,ulmererelurperipsumadgloriam

1013 533 1108 589 Patris
1118 533 1145 588 in
1158 533 1267 588 virtuto
1276 532 1838 608 Spiritusperhoncrumexereitiaope·

1012 635 1075 676 rum
1086 619 1323 677 conresuscitari.
1337 619 1382 676 Sic
1398 620 1427 674 in
1442 635 1531 676 carne
1549 621 1650 678 vivens
1662 637 1718 680 uon
1733 637 1838 681 sccun-

1012 709 1078 766 dum
1095 724 1212 765 carnem
1229 708 1567 779 militabat,.pruecavens
1580 715 1611 766 et
1626 712 1788 769 observans
1806 717 1837 769 ut

1012 812 1105 869 neque
1121 796 1280 868 peccando,
1299 811 1393 867 neque
1409 797 1523 869 positus
1543 799 1571 854 in
1587 800 1755 871 suspicione
1772 815 1838 872 pec·

1011 887 1079 956 eati,
1097 886 1179 943 llcret
1199 884 1405 942 offendiculum
1431 887 1570 944 iratribus
1594 894 1645 944 aut
1667 887 1835 947 scandalum

1013 974 1070 1048 [iol.
1086 973 1149 1044 27').
1166 973 1354 1030 intellexerat
1364 974 1440 1029 enirn
1451 990 1488 1030 ex
1500 976 1661 1046 evangetio,
1674 991 1759 1047 quam
1771 992 1837 1048 gra·

1011 1065 1055 1120 vis
1072 1064 1108 1119 sit
1126 1079 1141 1119 a
1158 1063 1277 1119 bomine
1292 1063 1502 1120 scandalizanti
1529 1079 1616 1121 unum
1642 1078 1680 1121 ex
1706 1065 1834 1124 minimis

1010 1151 1173 1208 constituta
1185 1152 1405 1208 animadversio.
1420 1152 1488 1207 Erat
1500 1152 1527 1206 in
1537 1152 1627 1209 corde
1638 1154 1702 1224 ejus
1715 1154 1771 1210 lixa
1783 1153 1833 1210 illa

1010 1240 1832 1311 bominisententia:Quiaelrumilict,eceltclttur(Lac.

1010 1345 1066 1399 xxv,
1085 1333 1142 1399 tt),
1160 1329 1279 1386 undeet
1296 1328 1442 1386 humiliari
1459 1330 1598 1386 studebat
1614 1331 1643 1387 iu
1658 1331 1756 1401 terris,
1770 1337 1801 1388 ut
1818 1347 1832 1387 a

1011 1418 1131 1474 homino
1147 1415 1271 1474 exaltari
1289 1423 1451 1475 tuereretnr
1462 1419 1489 1474 in
1501 1418 1594 1477 coelis.
1608 1419 1662 1476 Sed
1673 1434 1725 1478 nec
1737 1421 1832 1493 potuit

1011 1507 1152 1563 abscondi
1170 1505 1288 1563 lucerua
1305 1507 1483 1564 delitescens
1500 1511 1554 1564 sub
1567 1508 1785 1580 mediaverunt
1797 1507 1832 1564 ad

1011 1594 1180 1665 effugandas
1196 1609 1329 1652 errorum
1345 1597 1484 1652 tenebras
1498 1601 1586 1667 atque
1597 1597 1632 1653 ad
1645 1595 1833 1654 illuminatio·

1011 1698 1075 1739 nem
1093 1684 1249 1741 multorum
1266 1684 1401 1754 imposita
1417 1689 1464 1741 est
1478 1683 1664 1742 candelabro.
1676 1687 1745 1743 Cum
1756 1686 1832 1744 enim

1012 1772 1120 1845 placuit
1137 1773 1162 1828 ei
1179 1773 1228 1842 qui
1239 1772 1349 1829 eleetos
1361 1772 1591 1830 adeternitatcm
1601 1778 1696 1845 vocat,
1709 1779 1831 1831 vocatos

1008 1861 1160 1932 iustificat,
1174 1862 1350 1932 justificatos
1366 1868 1543 1934 remunerat,
1561 1869 1593 1920 ut
1611 1863 1757 1920 exaltaret
1772 1877 1833 1920 ser-

1010 1966 1076 2007 vum
1089 1966 1174 2006 suum
1185 1951 1338 2007 habentem
1350 1951 1483 2008 fiduciam
1494 1952 1521 2007 in
1533 1966 1574 2022 se,
1584 1951 1830 2024 inspiravitcordi

1011 2040 1088 2095 beati
1106 2039 1248 2096 antistitis
1259 2040 1328 2113 Lupi
1342 2045 1384 2110 ut,
1394 2040 1576 2097 adsciatium
1587 2040 1738 2098 lahoriset
1750 2041 1832 2098 mini·

1010 2129 1092 2184 stcrii
1106 2129 1161 2199 sui,
1180 2129 1213 2186 ad
1230 2129 1361 2186 ordinem
1377 2145 1441 2186 eurn
1457 2134 1644 2201 promoveret
1659 2131 1829 2187 sacerdotii.

1010 2215 1126 2273 Electus
1138 2217 1237 2288 itaque
1248 2218 1391 2274 communi
1400 2215 1711 2275 votoetlaudecleriet
1719 2218 1829 2291 populi,

1009 2306 1178 2376 presbiterii
1194 2307 1331 2363 honorem
1348 2307 1460 2378 accepit
1475 2312 1505 2362 et
1519 2307 1649 2364 moribus
1664 2307 1828 2364 adornavit.

1009 2393 1079 2449 Erat
1094 2409 1217 2465 namque
1233 2401 1337 2466 potens
1354 2395 1381 2451 in
1398 2395 1487 2450 verbo
1502 2401 1531 2451 et
1546 2395 1690 2466 doctrina,
1702 2401 1732 2451 et
1748 2400 1831 2467 pote·

1010 2486 1087 2538 state
1102 2483 1164 2555 ipsa
1179 2498 1244 2539 curn
1260 2483 1396 2554 apostolo
1413 2484 1552 2540 utebatur
1564 2485 1592 2540 in
1603 2483 1829 2555 edificationem,

1009 2584 1065 2626 uon
1077 2572 1105 2626 in
1117 2571 1359 2641 destructionem,
1370 2577 1399 2628 ut
1410 2571 1618 2630 edificarentur
1628 2574 1756 2631 correcti
1769 2589 1836 2647 pec·

1009 2662 1126 2716 catores
1143 2661 1178 2716 ad
1193 2661 1406 2732 poenitentiam,
1418 2661 1525 2732 quibus
1540 2663 1595 2731 jum
1612 2663 1767 2720 videbatur
1784 2663 1835 2720 im·

1009 2748 1119 2805 minore
1134 2749 1298 2806 destructio
1315 2765 1367 2823 per
1380 2749 1505 2821 culpam.
1519 2750 1627 2808 Orabat
1640 2753 1832 2824 propeccatis

1009 2835 1122 2909 populi,
1135 2843 1175 2906 et,
1187 2853 1253 2894 cum
1270 2837 1380 2894 nullum
1395 2840 1525 2910 laederet,
1538 2841 1674 2897 omuibus
1689 2840 1833 2913 prodesse

1009 2926 1436 2998 cupiebat;seieussaeerdotis
1447 2927 1493 2984 vel
1504 2928 1630 2986 ministri
1640 2945 1706 2986 csse
1713 2930 1834 3003 predes-

1009 3015 1074 3072 sesi
1088 3014 1149 3072 lieri
1158 3017 1643 3087 potestomnibus,obessenemini.
1652 3018 1833 3090 implebatur

1005 3117 1064 3174 paru
1077 3104 1104 3159 in
1117 3118 1151 3160 eo
1164 3103 1211 3159 illa
1224 3104 1350 3161 nominis
1361 3105 1405 3162 sui
1417 3104 1619 3176 ethimologia
1631 3109 1660 3163 et
1673 3107 1749 3178 quod
1761 3121 1834 3179 prae·

1009 3193 1175 3251 nuntiatum
1192 3198 1256 3250 erat
1271 3209 1306 3250 ex
1322 3195 1446 3265 nomine,
1459 3195 1582 3252 sonabat
1593 3195 1652 3265 jam
1664 3195 1692 3251 iu
1704 3196 1830 3252 actione.

1009 3281 1118 3339 Civitas
1133 3283 1209 3339 enim
1225 3289 1289 3339 erat
1300 3284 1440 3355 temporis
1451 3285 1553 3355 utique
1563 3283 1729 3355 gravissimi
1741 3290 1772 3340 et
1783 3299 1833 3357 pe·

1008 3370 1832 3444 riculosissirui,inquopraeiiorumtremitrbustotusiere

1007 3460 1832 3534 quatiebaturorbis.Eratetreiugiumpauperum,tutor

1007 3549 1214 3620 orphanorum,
1227 3549 1364 3606 defensor
1379 3551 1532 3608 viduarum
1546 3555 1575 3607 et
1585 3550 1772 3623 pupillorum,
1782 3565 1832 3624 cp·

1008 3653 1178 3712 pressorum
1194 3639 1372 3711 consolator,
1386 3645 1414 3696 ct
1426 3640 1552 3697 omnium
1568 3641 1648 3697 adse
1664 3640 1832 3711 confugien-

1008 3727 1079 3784 tium
1091 3727 1243 3799 piissimus
1255 3728 1780 3800 susceptoretauxiliator.Ocivitas
1789 3729 1831 3787 iu-

1007 3816 1220 3889 expugnabilis,
1234 3818 1379 3889 protectio
1390 3818 1636 3890 incomparabilis,
1648 3816 1779 3876 defensio
1790 3820 1832 3876 in·

1007 3896 1167 3977 vincibilis,
1185 3907 1272 3964 sedes
1288 3907 1377 3964 divini
1395 3907 1623 3980 propiciatorum
1639 3907 1787 3979 altissimi,
1800 3908 1830 3965 iu

130 3994 588 4068 intotospectatureorpore.iist
600 3996 952 4068 etiamspcclale,quodin
1007 4009 1064 4068 qua
1079 4000 1182 4066 regnat
1197 3995 1339 4067 sapientia
1354 4000 1384 4053 et
1399 3996 1493 4053 dietat
1509 3995 1588 4067 leges
1600 3997 1727 4068 iustitia,
1743 4012 1828 4068 quam

130 4082 485 4158 aliquacorporiseminct
497 4096 590 4156 parte.
605 4085 747 4142 Generale
770 4091 825 4157 est,
837 4087 862 4143 si
888 4087 953 4159 quis
1008 4084 1151 4143 tortitudo
1165 4085 1320 4156 inhabitat,
1338 4085 1415 4156 repit
1431 4086 1596 4158 prudentia,
1613 4086 1743 4159 disponit
1759 4092 1830 4144 tem·

129 4173 355 4232 universitatem
371 4174 533 4233 honestatis
548 4174 665 4232 inomni
683 4178 751 4232 actu
767 4189 820 4232 suo
845 4175 953 4232 habeat
1007 4174 1195 4246 percutiam
1221 4189 1276 4246 qua
1303 4174 1392 4246 fulget
1410 4175 1459 4231 bei
1484 4175 1589 4246 imago,
1607 4190 1672 4248 quae
1688 4175 1829 4233 viciorum

127 4263 341 4335 concinentem,
370 4264 463 4321 utsihi
479 4263 711 4334 omnisvitaejus
725 4264 953 4322 consentiatnec
1008 4262 1148 4333 imagines
1164 4263 1322 4320 obliterat!
1335 4264 1457 4336 suscipe
1472 4268 1501 4321 et
1518 4279 1570 4320 nos
1586 4262 1764 4322 humillimos
1787 4264 1830 4320 di·

76 4388 81 4403 .
128 4349 156 4406 ir
174 4349 232 4407 ulla
247 4365 280 4408 re
295 4349 453 4424 discrepet.
471 4350 603 4423 Speeiale
618 4366 688 4410 vcro
706 4357 763 4424 est,
781 4353 806 4409 si
822 4352 949 4425 aliquem
1008 4349 1134 4410 lectores
1150 4357 1216 4409 tuos
1231 4357 1261 4408 et
1276 4352 1304 4408 in
1320 4353 1488 4410 defensione
1504 4359 1552 4410 tua
1573 4356 1701 4426 protege.

129 4435 993 4514 actum¹²⁸insuisbahetvirtutibus¹¹⁷praeemioentem.sD
1045 4444 1114 4498 Cum
1134 4441 1224 4512 igitur
1251 4442 1339 4499 tantis
1366 4444 1505 4500 honorum
1531 4457 1651 4514 operum
1676 4443 1830 4515 preconiis

127 4525 179 4584 iiis
190 4527 281 4598 igitur
291 4528 434 4586 virtutum
450 4528 583 4599 insigniis
593 4530 756 4588 ornabatur
780 4530 952 4589 adolescens
1008 4533 1113 4590 beatus
1128 4531 1283 4589 offerretur
1295 4531 1498 4603 Pulchronius,
1511 4531 1717 4605 ileretquejam
1727 4533 1754 4588 iu
1765 4547 1829 4604 pre·

127 4616 309 4692 spectabilis.
321 4619 500 4675 Provexerat
513 4633 629 4690 queque
640 4634 705 4677 eum
713 4634 825 4677 merum
838 4621 953 4693 specio·
1009 4619 1109 4694 patulo
1125 4620 1260 4678 omnibus
1276 4622 1465 4679 sanctimonia
1480 4622 1554 4693 ejus,
1572 4623 1608 4680 ad
1629 4620 1829 4696 pontificatum

128 4707 245 4782 sitae,et
257 4705 462 4765 ecclesiastico
471 4707 768 4780 mancipatumofflcio
777 4710 951 4781 ordinisque
1008 4711 1164 4785 petebatur
1180 4709 1370 4768 virdunensis
1382 4711 1474 4780 urbis,
1487 4726 1561 4782 quae,
1574 4716 1605 4768 ut
1617 4712 1753 4783 diximus,
1765 4715 1830 4768 tan·

128 4795 217 4856 divini
233 4791 574 4870 ampliatumministerio
586 4797 682 4856 diviua
696 4798 855 4856 sublimare
868 4813 952 4872 para·
1008 4799 1045 4856 tis
1059 4805 1123 4857 erat
1134 4799 1237 4855 attrita
1247 4799 1474 4869 calamitatibus,
1486 4806 1606 4870 gravata
1618 4799 1753 4871 malis‚ut
1764 4814 1829 4874 per·

128 4882 293 4957 hatpietas.
311 4885 380 4941 Cum
397 4885 533 4956 veroium
549 4900 667 4944 emensa
692 4886 952 4947 adolescentiaese-
1007 4889 1092 4963 pauci
1109 4889 1136 4945 in
1159 4903 1191 4946 ea
1217 4888 1419 4946 invenirentur
1443 4889 1491 4960 qui
1517 4888 1622 4947 divinis
1645 4889 1829 4949 deservirent

129 4972 200 5030 mita
213 4973 241 5030 in
253 4974 343 5031 robur
358 4972 531 5044 emigrasset
542 4975 638 5046 virile,
656 4974 705 5031 bei
717 4975 794 5048 cepit
820 4975 878 5047 iam
895 4978 952 5036 ter·
1006 4977 1147 5037 cultihus.
1176 4978 1284 5035 Causas
1310 4976 1487 5043 calamitatis
1514 4994 1603 5053 supra
1626 4979 1826 5052 exposuimus.

128 5062 247 5120 ventior
263 5063 391 5121 servitus
406 5062 591 5135 insudare,et
613 5064 711 5121 indies
735 5065 887 5123 robustior
915 5068 951 5125 de
1007 5068 1113 5126 Verum
1129 5082 1194 5125 cum
1211 5067 1239 5124 id
1255 5067 1291 5124 ab
1303 5081 1337 5124 eo
1352 5068 1478 5140 optineri
1494 5082 1551 5126 uon
1572 5073 1670 5141 posset
1694 5074 1727 5127 ut
1750 5070 1828 5127 votis

127 5150 238 5209 virtute
250 5151 279 5208 in
295 5152 435 5210 virtutem
447 5152 603 5225 prolicere,
615 5157 688 5211 etca
705 5168 769 5225 quae
792 5160 950 5214 retroeunt
1007 5157 1828 5232 petentiumdarctasseusum,adbeatumhupumcivium

93 5275 95 5280 -
126 5240 314 5313 obliviscens,
329 5242 356 5298 in
371 5258 404 5301 ea
421 5257 537 5316 quoquc
549 5257 613 5315 que
629 5243 752 5302 inantea
778 5252 845 5305 suut
861 5263 893 5305 se
904 5263 951 5307 su·
1006 5247 1055 5318 qui
1066 5251 1151 5304 eraut
1161 5246 1271 5305 residui
1282 5261 1350 5321 spes
1364 5251 1423 5306 tcta
1434 5247 1628 5318 convertitur,
1640 5252 1670 5306 et
1682 5253 1714 5305 ut
1724 5249 1829 5307 subve-

799 5371 923 5445 qutRlAE
943 5372 1143 5429 auctiones,

161 5463 321 5538 ¹¹,1tomini
346 5480 421 5526 cerr.
438 5467 488 5523 bet
504 5480 527 5524 e.
545 5465 578 5500 m
594 5467 706 5527 alacres
721 5468 838 5527 illerum
852 5470 964 5528 animos
983 5484 1057 5529 corr.
1075 5471 1111 5527 ut
1132 5471 1165 5528 in
1188 5471 1281 5531 tectu.
1306 5472 1339 5506 ¹¹⁸
1362 5474 1589 5532 contubernales
1618 5475 1824 5548 suprascripto

127 5534 193 5595 rihu
207 5549 233 5594 a.
245 5534 279 5571 ¹¹⁸
293 5537 419 5610 aliquam
434 5537 575 5595 virtutem
589 5551 665 5597 corr.
681 5540 810 5614 aliquem
826 5544 923 5600 actum
940 5554 965 5600 c.
982 5540 1015 5576 Μ
1031 5542 1144 5602 actibus
1158 5555 1233 5601 cerr.
1248 5544 1410 5601 virtutibus
1424 5559 1447 5603 c.
