3788 6000
86 145 144 209 nn
168 126 177 133 '

566 143 750 205 HUGONIS
771 143 947 205 Aeenuts
969 144 1311 247 FLAVINIAOENSIS

1641 123 1650 144 '
1732 154 1792 213 ais

89 293 173 337 unam
190 271 364 334 ecelesiam.
381 277 421 331 be
445 275 489 331 liis
515 275 622 333 laetum
640 281 686 332 est
704 279 767 348 post
784 280 906 332 mortem
922 275 1067 348 berceti,
1084 279 1135 336 tir
1147 279 1304 351 expectabo
1329 281 1408 338 diem
1422 256 1553 340 Domini.
1572 284 1615 340 Ad
1632 284 1792 343 missarum

89 368 153 439 ejus
166 365 379 435 concambium,
389 368 416 421 et
429 364 510 421 dedit
524 381 575 436 pro
586 364 631 422 liis
642 380 739 422 comes
752 364 909 422 balduinus

91 455 279 512 Flandrensis
295 453 457 510 bonvillare
477 470 542 510 cum
563 454 680 509 dimidia
704 453 839 524 ecelesia,
856 456 910 509 lte-

91 558 199 613 veuges
214 542 348 598 similiter
372 557 436 598 cum
460 541 589 613 diuridia,
604 543 632 597 in
656 540 784 598 vitereio
809 541 909 599 vineas

91 648 157 689 cum
174 631 297 702 quadarn
314 636 396 703 parte
412 629 564 700 ecclesie,
582 631 609 686 in
624 631 728 686 llarvia
745 635 911 689 beruenses

92 735 157 777 cnm
182 718 289 775 familia
310 734 421 789 ariagna.
439 719 484 781 (G.
508 719 590 774 lirul.
608 720 646 792 a.)
663 719 728 775 Sine
745 718 801 774 isto
814 725 910 776 tamen

91 806 776 878 concambiotradiditadlmepraelataeaecelesiae
788 809 910 865 Monnau

92 903 122 954 et
138 897 300 954 ecelesiam
315 911 379 952 cum
396 895 466 952 silva
493 896 642 966 spaciosa;
660 897 825 967 lentagiam
844 913 912 968 que

93 1002 149 1056 que
163 1001 229 1043 cum
248 985 353 1040 familia
371 988 400 1040 et
417 985 499 1040 vinca
519 984 638 1055 optima.
656 983 739 1042 Dedit
756 987 842 1042 ctiam
860 1002 912 1058 pro

95 1075 187 1130 anima
205 1074 256 1129 filii
273 1072 419 1129 Genetridi
435 1087 471 1127 ex
486 1073 647 1129 concubina
660 1075 731 1145 nati,
744 1075 771 1129 iu
783 1074 912 1131 elaustro

92 1162 241 1232 tumulati,
260 1177 317 1218 non
336 1167 428 1219 tamen
441 1163 524 1233 juxta
540 1161 647 1219 lratres
661 1165 689 1218 et
706 1168 828 1234 patrem,
842 1163 914 1220 duas

92 1251 250 1323 aecclesias,
274 1265 393 1322 quarum
425 1265 480 1306 una
510 1250 618 1307 dieitur
647 1252 728 1321 llam,
757 1249 812 1308 alia
843 1251 914 1308 Gen-

91 1341 202 1409 geavia.

132 1433 158 1485 n,
172 1431 250 1487 Fecit
266 1434 296 1486 et
309 1433 406 1487 vestes
423 1432 554 1485 sacratas
569 1430 597 1484 in
613 1427 746 1485 aecelcsia
758 1429 914 1500 preciosis·

965 365 1064 436 itaque
1076 366 1245 439 sollempnia
1263 368 1324 436 ivit,
1338 374 1444 426 etcum
1460 373 1708 430 communicasset
1720 375 1792 431 vivi-

964 453 1029 509 ficis
1059 456 1217 526 mysteriis,
1249 457 1350 513 doloro
1373 456 1586 527 aliquantulum
1611 460 1730 532 pulsata
1755 463 1791 518 ud

964 540 1066 596 cellam
1085 540 1181 612 rediit,
1193 546 1224 596 et
1234 542 1407 599 adveniente
1420 544 1483 600 viro
1494 544 1544 601 Dei
1555 560 1621 602 rum
1634 547 1790 617 tratribus,

965 629 1074 686 exitum
1091 645 1174 687 suum
1191 630 1376 688 orationibus
1393 632 1498 689 muniri
1511 633 1607 704 petiit,
1621 636 1702 693 etsie
1714 636 1793 692 iuter

966 733 1067 775 uranus
1081 720 1145 790 ejus
1162 719 1190 774 in
1205 720 1303 776 cinere
1320 725 1346 776 et
1362 721 1459 777 cilicio
1482 736 1515 777 se
1538 721 1696 795 reclinans,
1713 727 1793 782 inter

965 808 1054 862 verba
1070 808 1213 864 orationis
1226 807 1290 866 treta
1304 809 1439 879 spiritum
1452 810 1569 867 etllavit.
1584 814 1617 868 Et
1630 815 1791 871 recedente

967 896 1051 953 beata
1067 896 1172 966 arriana,
1186 901 1266 953 tanta
1278 896 1337 954 illie
1348 899 1495 956 emanavit
1511 899 1665 969 flagrantia
1676 902 1711 935 ¹⁸⁸
1722 905 1792 960 odo-

967 986 1019 1056 ris,
1036 990 1066 1042 ut
1082 985 1153 1043 nulli
1182 987 1301 1043 dubium
1328 988 1403 1044 taret
1428 989 1546 1046 venisse
1571 991 1632 1047 illic
1656 997 1792 1049 autorem
1830 1010 1837 1019 ·

967 1075 1131 1132 suavitatis.
1152 1077 1290 1132 Curatum
1306 1090 1375 1132 sane
1396 1082 1442 1133 cst
1458 1093 1566 1149 corpeus
1582 1080 1646 1149 ejus
1662 1081 1709 1151 pia
1727 1082 1794 1137 reli·

967 1163 1116 1232 giosorum
1132 1165 1280 1236 instantia,
1297 1170 1327 1221 et
1348 1182 1440 1237 usque
1463 1168 1490 1223 iu
1517 1167 1593 1223 diem
1619 1169 1742 1226 tertium
1766 1172 1793 1226 iu

969 1251 1101 1308 aeeclesia
1119 1252 1164 1325 pia
1181 1260 1327 1310 servatum
1340 1253 1538 1313 sollieitudine
1549 1263 1577 1313 et
1590 1257 1753 1324 industria;
1765 1265 1793 1315 et

953 1340 1013 1411 ,sic
1028 1341 1151 1396 sabbato
1166 1346 1269 1398 saneto
1285 1348 1372 1399 terre
1402 1344 1570 1401 mandatum
1595 1361 1661 1402 eum
1686 1347 1793 1418 gloria.

971 1429 1023 1497 (Cl.
1038 1427 1071 1486 θ.
1090 1429 1217 1501 Virdo.)
1231 1432 1260 1486 tn
1273 1430 1326 1487 boc
1339 1433 1519 1489 monasterio
1529 1435 1654 1492 domnus
1665 1438 1797 1494 leltbar-

92 1527 191 1583 simas.
208 1523 322 1578 Etcum
338 1516 501 1574 eeclesiam
525 1517 617 1589 ipsam
634 1532 694 1588 prae
710 1518 825 1574 etinctis
840 1533 914 1574 mor·
971 1517 1139 1575 desecares
1160 1519 1196 1574 de
1220 1519 1344 1575 Marceio
1368 1520 1405 1576 ad
1426 1523 1649 1579 couversionem
1671 1527 1796 1583 veniens

93 1614 205 1670 talibus
220 1610 281 1666 suis
301 1607 427 1663 ditasset
451 1606 534 1664 bouis
558 1611 588 1663 et
612 1606 860 1678 possessionibus,
879 1607 913 1662 ad
929 1635 956 1695 B
973 1606 1131 1662 bailodium
1147 1607 1282 1674 contulit,
1300 1613 1331 1663 et
1345 1609 1446 1665 multis
1471 1611 1555 1667 annis
1578 1612 1606 1668 iu
1632 1619 1736 1671 sancto
1755 1617 1797 1672 vi-

94 1702 228 1758 ultimum
245 1696 434 1768 semetipsum
448 1698 506 1752 Deo
519 1695 637 1768 optulit,
655 1701 686 1751 et
702 1696 861 1752 monachus
877 1674 916 1751 la'-
971 1709 1042 1750 vens
1068 1696 1231 1768 proposito,
1255 1697 1372 1753 tandem
1413 1699 1609 1771 cathalaunis,
1634 1717 1691 1773 qiro
1729 1718 1795 1760 euin

94 1795 161 1846 ctus
177 1791 232 1858 est,
251 1790 280 1842 ut
297 1786 325 1839 in
341 1790 482 1841 aeternnm
497 1799 561 1841 cum
575 1784 690 1840 Christo
702 1787 849 1854 regnaret.
862 1787 917 1841 lla·
971 1785 1148 1848 oboedientia
1179 1786 1309 1857 miserat,
1326 1787 1484 1845 defunctus
1498 1795 1527 1846 et
1543 1791 1679 1863 sepultus
1693 1797 1751 1864 est,
1765 1800 1794 1852 et

96 1877 197 1933 thildis
213 1880 320 1944 autem,
338 1888 411 1930 uxor
426 1873 489 1942 ejus
504 1873 591 1943 digne
607 1872 813 1942 memorabilis,
831 1873 916 1930 botris
972 1872 1087 1930 demum
1103 1874 1224 1931 virduni
1241 1875 1351 1933 relatus
1367 1876 1394 1932 in
1406 1876 1538 1935 claustro
1559 1880 1723 1938 tumulatus
1738 1890 1794 1940 est.

80 1971 84 1977 '
97 1959 914 2039 palleusvirtutibusetnitserieordiaestuueusoperinns‚
972 1962 1057 2033 (Vita
1068 1962 1275 2035 nectareae.)
1287 1965 1461 2022 Godetridns
1470 1966 1529 2023 dux
1540 1969 1692 2026 Gozelonis
1703 1972 1797 2028 trater

96 2055 124 2111 iu
135 2054 267 2110 claustro
279 2051 370 2122 ipsius
383 2050 551 2105 monasterii
563 2050 699 2105 defuncta
711 2050 917 2106 venerabiliter

45 2187 48 2199 .
97 2143 223 2216 quiescit
238 2143 364 2198 humata.
380 2140 468 2211 Cujns
482 2139 517 2196 ad
532 2143 621 2210 eaput
639 2138 695 2194 lilia
711 2153 811 2195 eorum
823 2139 917 2196 Odllia

97 2233 180 2303 virgo
191 2230 388 2289 sacratissima
401 2229 495 2286 locum
508 2228 597 2284 habet
609 2227 767 2299 sepulchri.
780 2227 916 2300 (Folle.)

98 2325 136 2379 lle
146 2322 199 2378 hac
211 2334 307 2377 sermo
319 2319 464 2388 extitit,et
477 2334 530 2374 nos
539 2332 553 2374 a
562 2317 730 2374 senioribus
742 2317 915 2388 audivimus,

98 2411 176 2483 quod
186 2424 304 2480 egressa
319 2408 453 2464 afinibus
465 2407 594 2463 bavariae
605 2407 719 2463 venerit
731 2405 890 2464 virdunum
903 2410 919 2464 l

98 2501 169 2557 seria
185 2505 253 2556 aute
269 2502 400 2556 sanctum
416 2497 492 2554 diem
509 2496 624 2567 pascuae
640 2495 741 2552 volens
754 2511 819 2552 cum
835 2500 918 2567 patre

96 2596 127 2646 et
143 2593 236 2645 irratre
251 2592 282 2643 et
295 2587 434 2643 fratribus
444 2586 519 2641 diem
530 2585 644 2656 paschae
655 2585 816 2641 celebrare.
828 2583 918 2649 Quam

98 2695 163 2736 cum
180 2678 225 2732 vir
241 2676 353 2732 bomini
369 2673 533 2730 Richardus
557 2672 682 2729 intuitus
708 2673 822 2743 luisset,
843 2674 919 2730 inter

100 2765 204 2824 blanda
217 2761 560 2832 consolationisatloqnia
580 2760 731 2831 anuliquid
742 2761 920 2820 infirmitatis

100 2857 253 2927 pateretur
270 2849 470 2921 interrogavit.
486 2848 546 2915 Qua
568 2849 763 2920 respondente
778 2863 876 2905 sanam
889 2864 920 2906 se

973 2050 1079 2106 ibidem
1096 2051 1242 2122 sepultus,
1258 2057 1293 2108 ‘lb
1309 2068 1425 2110 mansos
1440 2055 1467 2109 in
1485 2057 1634 2113 beurunes
1657 2057 1749 2128 dedit,
1766 2065 1795 2115 et

973 2153 1024 2195 sua
1041 2140 1247 2211 suppellectile
1263 2139 1360 2198 locum
1377 2142 1529 2200 admodum
1540 2146 1700 2216 ampliavit.
1715 2150 1797 2206 Dodo

973 2229 1060 2285 etiarn
1076 2228 1112 2285 de
1128 2230 1353 2287 Comitiscastro
1361 2232 1444 2301 iuxta
1457 2233 1646 2290 Tendorienm
1658 2238 1796 2294 eninitem

974 2317 1081 2374 ibidem
1101 2318 1127 2373 iu
1144 2319 1277 2388 ingressu
1295 2321 1465 2376 nionasterii
1479 2323 1616 2392 quiescit.
1630 2325 1798 2383 taunucus

975 2421 1090 2476 quoque
1106 2421 1203 2463 corrues
1219 2411 1247 2463 et
1264 2409 1432 2465 monachus.
1449 2409 1495 2479 (G.
1520 2410 1600 2468 Vird.
1618 2417 1644 2483 n,
1663 2416 1718 2486 ll.)
1739 2415 1799 2469 llll-

976 2495 1086 2552 alradus
1096 2511 1195 2552 nonies
1207 2496 1383 2553 llielrardum
1400 2498 1490 2553 lilium
1504 2514 1586 2555 snum
1603 2506 1668 2572 post
1684 2504 1797 2574 episeo-

975 2600 1042 2656 pum
1074 2585 1159 2640 beate
1183 2585 1259 2656 patri
1285 2585 1490 2656 baptizandum
1515 2588 1650 2659 offerens,
1676 2592 1799 2649 baronis

975 2677 1088 2729 curtem
1104 2677 1206 2730 saneto
1221 2674 1325 2730 vitono
1342 2675 1432 2744 dedit,
1449 2679 1478 2731 et
1495 2676 1651 2733 defunctus
1674 2679 1701 2734 in
1727 2680 1800 2749 gali-

976 2760 1020 2816 lea
1033 2760 1091 2832 (89)
1108 2760 1245 2817 tumulari
1260 2763 1376 2818 meruit.
1394 2763 1454 2818 b'on
1470 2766 1515 2819 est
1542 2771 1638 2821 autem
1656 2767 1742 2822 facile
1756 2783 1800 2824 re·

977 2850 1064 2920 lerre,
1075 2854 1144 2920 (puel
1159 2850 1195 2906 de
1211 2851 1337 2907 divorsis
1353 2852 1487 2922 partibus
1501 2854 1798 2925 Franciar,Neust1·i‹e

99 2957 174 3015 esse,
191 2945 219 2999 et
237 2940 346 2997 nullius
362 2939 538 3009 egritudinis
553 2938 716 2995 molestiam
738 2951 770 2994 se
794 2939 921 3007 sentire,
976 2943 1005 2994 et
1018 2939 1189 3008 austrasiae,
1203 2939 1310 3011 spretis
1322 2940 1473 2998 mundante
1484 2942 1624 2998 vanitatis
1635 2943 1795 3014 illecebris,

101 3033 149 3091 ille
165 3031 327 3104 prophetiae
343 3029 449 3102 spiritu
467 3030 583 3100 plenus,
596 3027 759 3099 praevidens
772 3027 921 3085 imminere
937 2992 961 3054 C
977 3031 1032 3085 sub
1048 3028 1205 3100 disciplina
1221 3033 1251 3084 et
1268 3029 1435 3099 nvagisterio
1449 3032 1540 3102 patris
1551 3032 1688 3088 Richardi
1701 3048 1799 3090 mona-

100 3129 218 3196 tempus
229 3118 391 3178 vocationis
399 3118 483 3189 ejus:
503 3117 798 3189 Volcait,stlin,rere
811 3117 923 3176 aalaidis
978 3117 1059 3175 stium
1075 3132 1106 3174 se
1124 3118 1286 3174 subdebant
1305 3118 1449 3188 religioni.
1467 3121 1508 3176 lta
1535 3135 1658 3191 uamqire
1681 3121 1709 3177 in
1735 3122 1799 3190 ejus

102 3213 303 3284 otereoestliu.
319 3211 397 3268 Nom
410 3222 479 3266 eros
493 3208 550 3264 ltus
570 3207 603 3264 in
616 3207 692 3264 born
713 3207 876 3264 orauere-ria
890 3209 924 3264 in
979 3207 1444 3278 auroresetransfuderantrrges
1453 3208 1798 3282 pontilloesetpotentes‚

98 3297 512 3373 ptorta,·etrectpteru1)eo
531 3311 586 3368 pro
611 3294 925 3366 octogensimum
980 3301 1010 3355 ut
1026 3312 1139 3355 summo
1163 3312 1228 3353 cum
1253 3304 1465 3354 venerarentur
1488 3299 1603 3365 allecta,
1630 3304 1659 3355 et
1687 3305 1799 3371 patrem

100 3390 291 3461 sempiterna.
308 3387 412 3452 Eteoit
425 3388 504 3444 eratne
519 3387 546 3442 te
561 3386 640 3442 Deua
655 3386 766 3442 coetum
781 3398 842 3443 esse
855 3399 925 3443 aon·
979 3400 1044 3441 eum
1060 3385 1192 3441 dicerent
1208 3386 1311 3457 patriae
1326 3387 1362 3442 ob
1380 3391 1531 3457 paternum
1547 3387 1611 3457 ejus
1620 3403 1688 3458 erga
1699 3404 1800 3445 eitinrs

103 3473 925 3549 rtorumeirpinam,quiajocundarmeia'ncordctueatu-
979 3474 1125 3543 allcetum,
1143 3490 1199 3545 quo
1213 3478 1337 3530 cunctos
1359 3476 1476 3532 fovebat
1499 3479 1528 3531 et
1553 3475 1712 3533 relevabat.
1731 3479 1800 3533 Erat

100 3567 245 3642 gieitotta
264 3565 450 3641 preparare·
475 3562 691 3621 babitaculum.
709 3563 867 3634 Obstupuit
889 3563 924 3621 ad

103 3661 177 3716 lianc
190 3671 290 3714 vocem
303 3654 341 3727 pii
353 3653 447 3726 patris
457 3651 562 3723 aneilla
573 3652 633 3719 bei,
645 3657 673 3708 et
687 3651 753 3722 quia
766 3652 858 3708 virum
875 3652 924 3709 bei

102 3748 229 3806 eredidit
241 3762 296 3803 non
310 3759 397 3818 pesse
409 3739 836 3813 mentiri,vernisejuscredula
847 3742 925 3813 cepit

104 3840 139 3895 de
157 3839 213 3895 fine
229 3853 282 3894 suo
297 3838 438 3903 tractare,
450 3846 590 3888 excessus
606 3845 675 3887 snos
692 3835 883 3903 pertractare,
895 3835 924 3887 et

104 3919 923 3999 suffragiumconsolationisetorationisabeoexpetere.

104 4021 139 4074 nt
151 4017 444 4088 illeeaputsanetum
455 4026 544 4083 super
557 4014 661 4082 pectus
672 4023 756 4065 suum
768 4009 923 4079 reclinans,

979 3563 1055 3619 enim
1073 3563 1138 3634 pius
1163 3563 1188 3618 in
1216 3563 1309 3633 vultu,
1333 3562 1513 3620 reverendus
1536 3565 1663 3633 incessu,
1681 3581 1803 3622 severus

980 3652 1058 3709 cirea
1074 3653 1223 3723 reprobos,
1250 3652 1345 3708 dulcis
1369 3667 1437 3722 erga
1462 3653 1622 3724 benivolos,
1639 3655 1729 3709 lerina
1754 3656 1803 3711 bo-

980 3744 1090 3809 nestus,
1106 3741 1220 3797 actione
1236 3741 1426 3812 compositus,
1444 3741 1603 3812 praelerens
1619 3757 1736 3814 semper
1752 3744 1804 3800 lio-

980 3835 1093 3886 ncstum
1109 3829 1183 3899 utili,
1200 3831 1248 3900 qui
1266 3828 1345 3886 nullo
1360 3835 1485 3898 terrore,
1503 3830 1580 3887 nulla
1597 3829 1769 3888 adulatione
1786 3848 1801 3888 a

981 3933 1050 3974 vero
1066 3918 1245 3988 tleeteretur,
1259 3918 1286 3973 in
1299 3919 1505 3975 observatione
1522 3919 1631 3988 regule
1648 3920 1803 3976 terrentis·

970 4008 1079 4078 simus,
1111 4008 1139 4062 in
1167 4007 1350 4076 corrigendis
1379 4008 1462 4064 viciis
1490 4008 1748 4079 prudentissimus,
1774 4010 1801 4065 in

104 4112 144 4178 et,
160 4105 241 4178 qarasi
256 4104 314 4175 jam
332 4116 383 4175 per
398 4098 647 4172 incorruptionem
672 4097 805 4170 corporis
824 4103 854 4153 et
869 4096 926 4168 spi·
981 4097 1119 4153 castitate
1147 4095 1377 4167 cluentissimus,
1408 4096 1436 4151 in
1463 4097 1622 4153 exibitione
1658 4098 1801 4154 bonorum

105 4197 180 4254 ritus
204 4194 330 4251 alterata
353 4196 444 4261 esset,
461 4205 524 4246 eane
548 4186 726 4257 demulceus,
741 4186 926 4243 confortabat
980 4199 1099 4256 operum
1115 4184 1355 4255 perfectissimus.

105 4286 242 4359 spiritum
256 4283 320 4354 eius
344 4282 373 4338 in
396 4281 525 4348 Domino,
544 4291 709 4350 proponens
735 4276 847 4331 beatam
863 4290 925 4331 eam
1018 4270 1169 4342 10.(l0'·ld)
1197 4269 1349 4327 Baldrieus
1377 4271 1467 4341 igitur
1495 4271 1662 4328 leodiensis
1692 4272 1805 4342 eplsro

106 4376 178 4442 sore,
196 4389 280 4445 quam
297 4378 411 4428 certum
426 4372 489 4425 erat
506 4368 542 4425 ad
559 4367 677 4437 nuptias
692 4365 758 4434 agni
775 4364 924 4420 festinare.
940 4349 967 4411 D
984 4377 1037 4434 pus
1052 4360 1121 4432 (89')
1133 4376 1198 4416 aum
1210 4360 1325 4415 beatiam
1337 4360 1430 4416 virum
1443 4360 1527 4417 unice
1543 4360 1690 4430 diligeret,
1707 4376 1804 4417 coann-

106 4466 176 4519 l‘ost
192 4463 325 4518 neceam
341 4459 461 4516 relleere
478 4456 576 4527 iussit,
595 4454 727 4512 omnibus
752 4453 926 4510 mirantibus

108 4550 251 4623 quomodo
267 4564 330 4606 earn
348 4562 445 4605 sanam
461 4551 489 4601 et
506 4549 637 4614 vegetam
654 4543 682 4600 lu
698 4542 827 4600 crastino
843 4541 927 4598 mori·

107 4647 201 4698 turam
215 4637 386 4711 predixerit.
397 4634 591 4692 lnerastinum
603 4636 699 4689 autem
708 4631 822 4702 liquore
835 4630 927 4688 saneti

107 4731 163 4787 olei
180 4731 264 4786 abeo
281 4728 410 4796 inuncta,
427 4740 492 4781 curn
509 4721 616 4780 nullam
638 4721 824 4791 gravedinem
850 4723 929 4791 pate·

108 4826 199 4890 retur,
217 4817 353 4874 mandato
370 4828 530 4888 pauperum
545 4827 611 4868 euin
636 4826 671 4868 eo
695 4810 838 4880 interluit,
855 4808 928 4864 etin

108 4910 209 4967 cedern
229 4923 287 4980 quo
311 4906 423 4962 laverat
448 4904 537 4975 pedes
562 4915 720 4973 pauperum
746 4899 810 4956 loeo
835 4898 928 4954 virum

109 5000 225 5057 beatum
241 4996 347 5055 intuita
367 5015 372 5050 :
388 4995 460 5064 Her,
478 4993 529 5064 ait,
541 4991 660 5063 requies
673 5002 739 5047 nuo
749 4986 931 5047 insecutum

983 4450 1060 4507 bium
1076 4449 1217 4505 Lobiense
1234 4448 1345 4504 divitiis
1367 4448 1621 4520 opulentissimum
1637 4450 1664 4504 ei
1680 4448 1805 4505 tradidit

982 4538 1151 4609 regendum,
1164 4542 1195 4593 ut
1212 4537 1355 4593 industria
1372 4538 1435 4607 ejus
1451 4537 1604 4607 religionis
1619 4538 1645 4592 in
1659 4551 1695 4593 eo
1712 4539 1813 4593 return

983 4631 1074 4684 maret
1087 4626 1281 4698 propositum,
1290 4626 1529 4696 quodvidebatnr
1541 4641 1555 4682 a
1569 4626 1696 4697 pristino
1708 4626 1805 4696 rigore

984 4717 1166 4772 inmutatum.
1186 4714 1273 4784 Cvijus
1289 4715 1422 4786 exemplo
1434 4714 1602 4771 delectabili
1613 4719 1803 4786 provocatus,

983 4802 1806 4874 eumvideretreligiosamejusrouversatioucmiulionis

984 4899 1013 4949 et
1030 4893 1141 4948 sanctis
1157 4892 1295 4960 moribus,
1313 4896 1343 4946 ct
1367 4892 1577 4960 incrementum
1604 4889 1756 4959 religionis
1776 4895 1805 4946 et

984 4981 1154 5038 rnonastieae
1170 4980 1359 5052 perfeetionis
1375 4980 1402 5034 in
1424 4979 1557 5036 caenobio
1579 4978 1681 5035 eodem
1705 4993 1807 5036 exere·

790 5117 906 5176 tantm
927 5113 1126 5174 merlonus

144 5217 177 5250 '⁸‘
196 5217 242 5274 ata
256 5231 280 5273 o.

901 5275 1011 5332 NOTAE.

156 5396 201 5464 89)
218 5394 302 5460 brea,
319 5391 430 5447 nostris
451 5389 589 5461 gutteria.
669 5387 672 5396 '

151 5467 215 5536 δι’)
230 5462 391 5529 Wolbedo;
407 5462 443 5517 el.
463 5463 534 5515 nnn.
552 5456 735 5515 laubienses.
756 5456 804 5511 SS.
821 5454 867 5524 lV,
884 5457 928 5522 l8,

1022 5382 1106 5438 Gesta
1123 5395 1189 5452 epp.
1207 5381 1318 5435 Cairier.
1337 5379 1353 5434 l.
1373 5383 1398 5449 3,
1414 5393 1439 5434 e.
1457 5383 1499 5434 lu.
1518 5379 1565 5433 SS.
1583 5377 1641 5450 Vll,
1659 5381 1721 5436 llo.
