3788 5992
54 181 113 247 ars
320 237 328 246 .
458 261 460 264 Α
686 163 1201 251 nuncupans-inari
1438 137 1443 149 ’
1528 142 1538 160 ’
1707 182 1766 247 333

52 322 98 381 333
109 318 168 380 sibi
180 317 313 380 adversis
325 319 563 394 succedentibus,
576 319 681 381 bonum
692 327 737 381 est
749 336 764 380 a
776 320 921 384 333333
937 320 987 381 333
1009 335 1024 380 3
1046 335 1090 381 33
1105 338 1162 384 vox
1176 328 1206 383 33
1221 336 1335 383 333333.
1352 318 1417 381 bini
1434 336 1479 382 33
1495 319 1610 384 venisse
1633 320 1667 381 ad
1685 319 1768 379 fasti·

53 426 119 469 rum
131 411 255 468 maximae
266 411 429 483 sapientum
443 428 565 483 3333333
573 413 697 469 33333333
714 413 877 470 consilium.
936 413 1057 471 vitatem
1073 413 1277 486 dedicationis,
1297 430 1360 486 qirae
1376 418 1494 486 postera
1510 413 1556 472 die
1573 416 1669 472 futura
1682 419 1762 481 erat;

53 501 278 557 l'idebameuim
290 502 520 573 maprrearavari
533 516 546 557 a
560 501 678 573 proprio
690 502 879 573 episcopo,ot
936 517 993 558 uon
1011 509 1196 575 receperunt,
1214 504 1281 575 quia
1296 503 1393 559 villam
1407 503 1546 576 episeopo
1562 502 1763 576 reddiderant,

53 588 122 645 ideo
147 590 356 644 recurrendum
374 589 441 644 milri
458 589 614 645 videbatur
630 590 664 645 ad
681 589 881 661 metropolita·
937 596 965 645 et
981 606 1025 647 me
1035 605 1091 649 non
1104 599 1296 663 suscepturos
1311 592 1517 663 promiserant.
1536 593 1685 663 loquutus
1700 609 1762 650 sum

55 678 572 749 num,secumtumscitacanariam,
591 679 882 750 turnpropterauti-
937 680 972 734 do
998 680 1112 735 infamia
1143 680 1211 735 mihi
1241 681 1385 751 imposita,
1415 696 1466 752 pro
1497 695 1551 752 (rua
1582 681 1763 738 defendenda

56 778 144 834 auam
158 764 394 834 familiaritatem,
412 769 437 820 33
453 769 481 820 333
496 767 590 834 333333,
605 765 806 821 indissolubile
823 765 883 821 vin-
937 767 1045 824 3333333
1057 768 1217 839 profiscisci
1230 774 1349 839 paratus
1360 783 1449 825 eram.
1463 771 1532 825 Cum
1548 770 1721 828 monuissem
1732 777 1764 828 ut

56 853 157 909 culum
188 852 334 923 auricitiar,
359 870 415 923 apro
428 854 489 922 jugi
515 854 656 924 obsequio
680 869 725 909 me
742 853 881 925 paetitiam
937 871 1048 912 urceum
1065 856 1150 926 irent,
1177 858 1295 913 3333333
1311 859 1476 928 audierunt,
1494 858 1663 931 episcopum
1676 864 1707 916 ut
1724 859 1765 914 di·

55 941 152 1013 ipsius
169 941 311 998 famulitio
340 941 511 998 devinxerat
528 942 628 999 sedula
645 942 738 998 nostri
754 942 880 1010 dovotio,
938 945 1043 1000 cebant
1054 949 1198 1002 verentes.
1215 946 1322 1003 Videas
1338 947 1403 1018 qaia
1421 947 1498 1003 ornui
1518 961 1619 1004 eorum
1631 948 1679 1019 qui
1695 949 1764 1005 mihi

56 1030 137 1101 quod
153 1030 255 1101 utique
271 1030 417 1087 vinculum
434 1030 532 1087 nultus
545 1031 612 1086 rrribi
628 1031 784 1087 videbatur
797 1045 883 1102 posse
935 1031 1105 1101 juraverant
1118 1034 1278 1090 destitutus
1288 1050 1366 1090 oram
1378 1035 1482 1092 solatio
1494 1040 1524 1091 et
1535 1020 1764 1104 amminiculo,et

56 1118 240 1187 rescindere,
264 1134 316 1175 nce
346 1119 407 1190 ipsa
426 1135 525 1175 333333
543 1121 649 1174 3333333
667 1134 805 1174 munere:
823 1121 882 1174 turn
939 1119 1019 1175 solus
1034 1120 1166 1183 relictus,
1191 1137 1257 1177 cum
1272 1123 1366 1178 3333333
1383 1139 1446 1194 aure
1467 1124 1635 1193 offerebam,
1653 1123 1763 1182 derisui

55 1207 581 1280 propterobstiuatarndictiepiscopi
591 1208 885 1278 proterviamctpro-
939 1207 1128 1279 lraberentnr,
1141 1209 1286 1266 destinavi
1299 1226 1351 1282 per
1366 1225 1410 1266 me
1426 1211 1520 1282 ipsum
1533 1212 1568 1267 ad
1581 1218 1710 1268 nostrum
1720 1227 1765 1269 re·

55 1300 172 1352 lervam
185 1296 423 1364 obstinationem,
438 1311 492 1365 atra
508 1297 611 1351 nemini
627 1295 885 1364 urrrauaminimico
940 1295 1014 1350 verti
1027 1297 1245 1368 irrnnastcrium,
1259 1300 1332 1355 satis
1343 1289 1469 1371 etsuper
1481 1300 1684 1371 satiscxperta
1696 1300 1764 1356 fide·

56 1384 181 1455 ignovit,
194 1399 247 1440 nec
264 1385 349 1441 noxio
365 1389 415 1440 aut
431 1384 577 1439 innocenti
594 1385 736 1455 pepercit,
750 1382 827 1454 quod
844 1383 885 1438 fu·
941 1382 1044 1453 litate,
1056 1385 1104 1441 ubi
1122 1384 1178 1456 ipsi
1195 1385 1271 1441 idem
1283 1387 1331 1456 quii
1349 1402 1460 1444 mecum
1472 1393 1555 1446 33333
1571 1404 1585 1444 3
1601 1404 1645 1444 33
1658 1389 1684 1444 33
1700 1403 1764 1445 cra-

57 1486 109 1528 333
125 1472 215 1528 animi
231 1473 295 1543 ejus
327 1473 471 1528 33333333
486 1472 513 1526 333
530 1488 583 1527 nos
611 1471 691 1527 nullo
719 1471 772 1526 nisi
790 1469 883 1540 magni
940 1471 1025 1542 stiua,
1037 1486 1090 1527 nec
1099 1476 1254 1544 expectata
1267 1475 1425 1531 festivitate
1434 1477 1527 1532 sancti
1539 1476 1656 1546 benigni
1670 1491 1764 1534 reces-

57 1574 184 1617 censura
197 1560 302 1631 judieii
316 1561 392 1617 33333
404 1560 563 1617 eradendus
575 1559 760 1616 antidotolvi
775 1559 881 1629 itaque,
941 1565 1052 1615 serunt.
1071 1561 1246 1619 ltencdictus
1270 1565 1354 1633 33333,
1370 1563 1418 1633 qui
1436 1563 1574 1620 misertus
1590 1568 1634 1620 333
1660 1565 1761 1633 333333,

55 1655 87 1705 33
103 1648 281 1706 invenissem
298 1650 398 1721 333333
413 1649 488 1720 quod
505 1664 700 1720 3333333333,
720 1648 773 1704 33333
792 1647 883 1719 pluris
900 1675 924 1732 B
941 1647 1155 1718 ipsejirdieabit
1167 1665 1283 1706 causam
1297 1666 1398 1721 meam,
1414 1666 1478 1708 cum
1495 1650 1616 1708 liberam
1629 1653 1729 1709 feeerit
1748 1668 1763 1708 3

56 1742 211 1794 constaret
226 1737 302 1809 apud
318 1738 569 1809 archiepiscopum
591 1752 744 1807 nunrquam
762 1750 851 1791 vacna
868 1750 883 1790 3
941 1736 1759 1810 pcccatis,qrraeincreveruntsupernosanimamineam.

56 1840 179 1883 munere
196 1827 322 1883 amicitia
337 1827 468 1898 episcopi
486 1827 608 1882 33333333
621 1830 732 1881 nostro.
751 1827 883 1879 litamen
976 1824 1034 1880 33333
1047 1840 1117 1895 ergo
1128 1826 1265 1897 episcopo
1278 1826 1404 1896 litterae,
1418 1830 1450 1884 33
1461 1828 1538 1899 quod
1550 1843 1603 1899 333
1614 1843 1658 1885 333
1668 1828 1763 1900 33333

56 1913 203 1971 remissus
215 1929 277 1971 sum
289 1915 325 1970 ab
337 1929 371 1970 eo
383 1931 436 1986 pro
449 1913 628 1970 defendenda
641 1912 787 1968 3333333333
802 1917 884 1983 parte
939 1925 994 1967 non
1007 1917 1148 1984 poteram,
1165 1913 1274 1970 littaris
1287 1914 1447 1986 implerem,
1461 1929 1582 1985 arrarum
1596 1919 1696 1973 textus
1708 1915 1764 1972 iste

56 2007 160 2059 nostra
171 2002 207 2058 ad
219 2001 311 2072 illum,
324 2003 433 2071 acilius
445 2002 555 2057 alarino
572 2001 734 2073 patrocinio
746 2002 883 2071 rapuerat
939 2005 997 2054 est:
1009 2002 1602 2072 3333333333333333333333333333333.
1611 2004 1765 2061 acrarum

56 2104 113 2161 me,
132 2090 270 2147 domnum
286 2090 399 2146 scilicet
422 2091 640 2154 ltivionensenr;
658 2097 689 2145 33
706 2089 766 2160 ipsc
782 2102 885 2143 conve·
938 2090 1764 2162 3333333333·31333333333333333333333333333333

55 2179 133 2235 niret
152 2179 328 2250 episcopum,
356 2178 490 2248 quostiam
508 2179 722 2243 imonvcntum,
740 2175 884 2232 indiscus·
938 2176 1261 2249 saliatem.iltapdaao
1275 2179 1766 2254 repraestarobisaiaaperapad

57 2280 134 2337 sum,
153 2265 315 2322 inauditum
329 2280 371 2321 me
384 2265 468 2321 333333
479 2265 614 2321 ecclesie
625 2264 793 2336 spoliasset,
807 2263 883 2332 quod
938 2265 1263 2337 Edaarrtcoadiacrara,
1274 2281 1426 2323 3333333333
1437 2267 1532 2335 debui,
1544 2268 1766 2338 sadqrtiadora

55 2353 209 2410 canonicis
229 2354 346 2409 omnino
372 2353 574 2409 sanctionibus
595 2353 796 2408 aversabatur.
814 2349 883 2405 veni
938 2366 995 2409 aas
1011 2354 1219 2425 lapdaaeasia
1232 2355 1350 2425 capiriia
1362 2356 1566 2412 carrsaaostra
1583 2356 1765 2426 apocalama

56 2443 160 2512 itaque
176 2441 336 2497 ebdomada
354 2442 414 2513 ipsa
439 2446 504 2497 aute.
528 2442 633 2496 festum
651 2439 748 2495 Sancti
767 2438 883 2508 trenigni
933 2440 1138 2511 patrisaoatri
1150 2441 1505 2513 Dirioaeasipafroaiaio,
1518 2446 1634 2515 acajrts
1644 2445 1734 2502 meai
1753 2474 1765 2486 ·

56 2528 142 2595 (Nor.
160 2531 197 2603 l),
210 2546 276 2587 cum
286 2531 313 2585 in
330 2529 406 2586 omni
417 2536 494 2585 33333
507 2529 648 2584 3333333333
665 2543 708 2583 me
720 2527 814 2582 333333
827 2527 885 2583 cla·
937 2529 1764 2602 ramiaitioaeraparrat,rorrmirifmtejascoasilioont·

57 2623 165 2688 maret,
177 2622 207 2674 33
219 2633 274 2674 333
284 2617 341 2687 jam
358 2624 440 2673 extra
454 2632 637 2687 syrragogam,
652 2616 702 2673 3333
715 2622 797 2671 extra
808 2630 885 2670 eom·
938 2617 1060 2688 3333333
1074 2631 1166 2674 caasa
1175 2618 1278 2675 333333
1287 2617 1704 2690 rtaairaiarctproteperetar,
1713 2621 1765 2678 Di·

57 2720 176 2764 munem
192 2706 318 2762 omnium
336 2706 544 2761 habitationem
559 2706 595 2759 ab
612 2704 738 2760 inimicis
752 2703 818 2775 pelli
837 2703 885 2758 de·
937 2705 1052 2761 3333333
1070 2707 1248 2776 peraccessi.
1277 2707 1379 2764 votens
1402 2719 1469 2763 cero
1484 2707 1694 2766 flaviniacam
1708 2710 1762 2778 ire,

58 2794 128 2851 bere
147 2792 307 2864 judicarer.
339 2794 498 2850 audierant
513 2797 541 2848 ct
566 2793 621 2864 ipsi
648 2792 753 2847 333333
771 2806 882 2856 mcum;
938 2794 1768 2866 3333333333333333333333333333333333333ῐί3333

56 2895 126 2939 nam
141 2882 208 2953 quis
233 2882 314 2938 loeus
340 2887 419 2938 33333
435 2897 492 2952 333
510 2883 581 2936 bona
601 2882 672 2935 fama
703 2879 796 2935 nostri
814 2893 883 2949 pras·
937 2881 1145 2951 sarcientibus,
1158 2881 1345 2955 admeapart
1359 2883 1719 2956 Vidiliaaamaeairesraf,
1732 2885 1768 2942 at

56 2971 248 3040 3333333333
260 2985 344 3042 quem
357 2971 429 3026 tanti
447 2970 597 3025 infortunii
612 2983 705 3026 rumor
722 2984 776 3024 non
787 2983 884 3023 acces·
937 2971 1567 3042 anacamtrataqatmqaeremeramituros,
1581 2972 1764 3045 usqaeiatra

55 3059 168 3132 sisset?
182 3059 232 3116 sed
250 3074 314 3115 eum
338 3059 404 3130 plus
420 3058 503 3114 dolor
532 3059 655 3125 3333333
671 3057 719 3127 qui
737 3057 801 3127 plus
814 3056 884 3112 dile·
913 3060 924 3083 ·’
938 3058 1146 3115 Ffarirtiacaru
1157 3059 1325 3128 recepturos
1336 3058 1489 3128 diaerraai,
1503 3059 1717 3126 iirrtarsresira
1729 3059 1766 3115 at

59 3152 157 3218 xerat,
176 3148 241 3218 quia
256 3148 320 3219 plus
335 3147 531 3203 laboraverat.
545 3148 574 3201 333
588 3146 669 3202 mibi!
684 3146 752 3216 quid
766 3145 883 3202 refero?
938 3146 1198 3216 assaebaataati.
1208 3145 1466 3203 Monatairaecam
1473 3147 1764 3218 3333333333-

59 3237 144 3307 Vide,
162 3235 290 3301 Domine,
321 3235 386 3305 quiin
411 3233 547 3302 tribulor,
571 3233 755 3289 virineratum
771 3236 817 3289 333
832 3249 884 3289 cor
937 3235 1229 3303 reatamaolaeraat.
1242 3235 1292 3292 Ita
1304 3234 1764 3294 omniaostroramammtatrata

59 3338 157 3381 meum
183 3323 318 3386 caritate,
335 3323 399 3393 quia
418 3337 431 3377 3
449 3321 516 3378 iliis
538 3323 650 3376 viscera
667 3327 797 3377 materna
817 3335 885 3392 arra·
939 3323 1303 3394 desiitrttasairpotiaias,
1316 3323 1498 3379 Divionense
1511 3325 1624 3395 333333·
1638 3324 1674 3392 et,
1686 3323 1765 3396 qaod

57 3413 177 3469 liuntur
192 3417 221 3468 et
248 3411 430 3467 scinduntur.
450 3410 519 3480 (333.
540 3409 621 3478 tllt'.)
648 3409 744 3465 inveni
761 3409 886 3465 offensos
938 3411 1034 3468 satura
1042 3412 1138 3483 potiri,
1157 3411 1274 3468 litteras
1286 3412 1341 3468 tas
1351 3411 1455 3467 cestra
1460 3410 1641 3480 paternitati
1652 3410 1763 3482 direci,

57 3501 174 3558 animos
196 3500 335 3569 omnium,
348 3499 413 3568 quia
431 3514 464 3554 eo
479 3498 541 3568 ipso
558 3512 615 3567 3333
631 3512 681 3553 333
697 3497 882 3567 offenderam,
939 3498 1152 3569 expoliationis
1162 3500 1286 3568 iudices,
1297 3498 1533 3567 conmucationis
1545 3499 1702 3568 supptices,
1717 3499 1764 3556 de·

58 3589 212 3648 scilicetin
223 3587 393 3643 dimissione
406 3586 537 3655 fratrum,
548 3592 652 3641 memet
661 3586 863 3642 destruxeram
877 3604 884 3654 ;
931 3587 1086 3658 scissionis
1097 3588 1125 3643 et
1129 3588 1324 3659 perpatiaris
1337 3601 1408 3643 rasa
1418 3586 1665 3657 praesentatrices.
1684 3588 1765 3656 Rapa

59 3676 139 3734 unde
153 3680 183 3731 et
197 3675 398 3747 compassione
414 3690 466 3746 pro
482 3675 527 3730 333
537 3680 565 3729 33
578 3674 762 3744 aliisjudioio
783 3689 884 3729 eorum
939 3676 1083 3747 itrcqaaae
1094 3675 1413 3746 rraaraeattterqaam
1425 3674 1524 3731 saacti
1535 3676 1765 3744 rarroaesprari·

57 3766 168 3822 merito
179 3778 281 3822 carcre
296 3764 446 3819 debebam.
461 3765 565 3818 Verum
579 3763 626 3818 ubi
643 3762 756 3833 adveni,
769 3778 783 3818 a
801 3767 884 3834 33333
933 3762 1033 3834 pirarii,
1046 3763 1254 3835 3333333333,
1275 3762 1452 3834 quaesiero
1471 3763 1505 3818 ia
1523 3759 1765 3834 aestrorapiialo

59 3856 218 3926 susceptus
243 3851 386 3921 benit-oie,
412 3850 522 3907 contuli
544 3866 607 3906 cum
626 3850 676 3906 illo
703 3851 883 3907 incommoda
939 3849 1683 3922 33333333,3333333333(33333333333333333333
1700 3863 1765 3906 aar·

57 3942 187 4001 hominis
211 3941 374 4011 utriusque,
395 3945 423 3995 ct
450 3938 618 3995 consiliator
645 3939 714 3994 miln
732 3940 825 3994 factus
840 3942 883 3994 est
938 3941 1001 4009 qai.
1011 3940 1171 4007 Advortite,
1188 3953 1285 4010 queso,
1303 3938 1379 4010 qaid
1393 3937 1524 3995 debeatis
1534 3936 1628 4007 nobis,
1636 3937 1765 3994 afctrros

57 4033 255 4103 bonus,juxta
265 4030 341 4100 quod
351 4044 415 4086 curn
425 4028 635 4096 droctaldus,
647 4032 676 4083 et
687 4027 790 4083 mellus
800 4041 884 4098 quam
938 4026 1064 4091 faciatis
1074 4027 1228 4082 aria-eriere
1238 4024 1314 4095 quta
1324 4024 1480 4082 debeamus
1493 4024 1583 4081 robis.
1602 4024 1707 4082 333333.

57 4135 106 4177 33
117 4119 265 4177 decuisset
282 4118 425 4189 accipere.
440 4118 507 4172 Nam
519 4117 584 4187 quia
601 4115 731 4171 dixeram
747 4116 885 4187 episcopo
976 4115 1031 4169 llas
1048 4114 1127 4184 ipsas
1143 4113 1258 4167 litteras
1273 4116 1390 4181 apertas
1409 4111 1501 4166 direxi
1513 4110 1653 4181 capitulo,
1671 4114 1698 4165 ct
1715 4126 1764 4165 ex·

57 4223 106 4266 me
119 4207 154 4265 ad
171 4222 237 4264 eum
249 4209 403 4263 venturum
424 4221 488 4261 333
515 4206 685 4273 aLugduno
699 4203 882 4275 regrederer,
938 4207 1117 4271 iuncusque
1139 4215 1213 4257 nuuc
1246 4198 1357 4255 ltivioni
1387 4212 1499 4267 maneo,
1526 4197 1761 4266 turrimdlrristo,

57 4297 109 4370 qui
121 4310 177 4365 me,
190 4300 222 4352 ut
234 4295 381 4351 audieram
394 4300 421 4349 et
440 4308 490 4365 per
506 4307 551 4348 me
567 4292 660 4364 ipsum
681 4293 882 4363 probaveram,
941 4287 1292 4362 praestolandoauxilium,
1306 4300 1362 4341 non
1375 4293 1407 4342 ut
1418 4287 1520 4351 abbas,
1533 4285 1583 4341 sed
1596 4285 1677 4355 quasi
1690 4299 1765 4341 unus

56 4384 196 4444 omnibus
212 4385 295 4441 bonis
311 4383 497 4455 spoliaverat,
515 4382 569 4449 3333
584 4380 737 4436 333333333
756 4385 784 4436 333
801 4381 883 4451 33333
898 4373 924 4434 D
940 4393 956 4435 3
971 4378 1121 4445 3333333333,
1138 4376 1214 4446 arrad
1231 4375 1297 4430 milri
1313 4381 1360 4431 est
1371 4374 1474 4431 tutius.

58 4473 257 4531 flaviniacum
274 4473 355 4542 3333,
373 4471 549 4541 loquuturus
564 4469 713 4533 fratribus,
731 4469 839 4524 casatis
855 4473 883 4523 et
976 4467 1136 4537 Episcopus
1150 4469 1246 4521 autem
1262 4462 1384 4520 consilio
1405 4477 1419 4517 a
1440 4477 1470 4518 se
1486 4462 1550 4533 ipso
1565 4466 1696 4532 accepto,
1713 4475 1765 4532 per

58 4561 263 4620 servientibus
274 4560 394 4620 nostris.
411 4567 440 4614 et
456 4562 654 4629 temptaturus
666 4571 827 4627 aucnrerga
841 4570 885 4611 me
941 4555 1077 4611 33333333
1094 4553 1168 4609 diem
1191 4553 1258 4607 333333
1274 4551 1430 4607 3333333333
1441 4549 1517 4622 apud
1532 4549 1651 4620 Eduam,
1664 4549 1764 4605 (licens

58 4645 827 4721 gererentalfectum,quouterenturanirno;auimilri
837 4643 885 4700 3333
942 4659 985 4698 3333
1001 4658 1056 4698 333
1068 4656 1135 4697 3333
1146 4641 1313 4711 spoliatum,
1327 4645 1355 4695 et
1368 4639 1434 4694 inde
1446 4637 1722 4706 dandumjudicium
1741 4636 1764 4692 si

60 4739 99 4795 ab
109 4734 607 4802 33333333333333333333333333333
615 4731 741 4788 reditum
754 4738 885 4788 nostrum
941 4723 1076 4788 revestiri
1097 4729 1248 4786 deberem.
1265 4730 1324 4797 ligo
1354 4726 1567 4783 communicato
1582 4724 1706 4780 consilio
1722 4738 1766 4778 re·

58 4826 206 4883 maturius
222 4823 336 4897 impleri
353 4826 535 4892 rogaverant.
558 4821 598 4876 lvi
616 4822 724 4890 itaque,
737 4825 766 4875 33
783 4820 887 4875 333333
943 4818 1045 4892 spondi
1061 4818 1104 4874 eis
1116 4817 1225 4873 litteris
1236 4814 1395 4872 directisin
1408 4815 1461 4870 hec
1473 4815 1561 4868 verba
1576 4811 1763 4869 :baratarii

58 4913 227 4987 praemisso,
241 4912 622 4983 priorerri.quema1notoeo
635 4908 683 4978 qui
700 4920 811 4963 mecum
823 4911 888 4963 erat
941 4909 1075 4964 13333333
1082 4904 1317 4977 episcoposraier
1329 4904 1418 4974 Hapo
1428 4898 1669 4958 Ftariaiaaeasis
1679 4899 1766 4956 eccle·

59 5001 161 5076 priora
187 4999 354 5068 colticensi,
371 4998 398 5053 in
424 4998 519 5054 locum
535 4996 599 5066 3333
613 4996 835 5066 substitueram,
852 4996 886 5051 ad
941 4994 1249 5054 sioeserrasaatatem.
1261 4989 1562 5049 Miraiarltarriftfas
1577 4986 1681 5044 austra
1696 5000 1766 5057 qao-

59 5105 107 5148 me
118 5088 197 5162 apud
211 5086 394 5157 vidiliacum,
412 5090 440 5143 et
457 5101 521 5142 cum
537 5100 571 5141 eo
594 5099 668 5154 auos
684 5083 800 5153 dignum
818 5083 887 5139 duxi
941 5079 1370 5152 rnododiscreiiopateraitatis
1378 5077 1483 5135 restra
1494 5073 1768 5133 diarriaiticoasti-

59 5179 163 5236 venire
177 5177 311 5235 mandavi
329 5176 404 5247 (Oct.
436 5178 492 5248 33).
507 5175 657 5230 Venerunt
687 5172 758 5228 satis
774 5175 887 5243 protra-
943 5159 1768 5241 laertiliduamqaasiadjudiaiamprostciseradidiiai

59 5265 169 5338 heudo,
181 5269 212 5322 et
226 5265 369 5321 inmutata
380 5268 442 5319 3333
456 5263 546 5320 333333
557 5275 669 5331 33333,
679 5264 707 5316 33
718 5275 769 5316 cor
785 5274 886 5315 eorum
943 5255 1279 5328 tisriiampaodraaais
1293 5255 1500 5321 miramarmte
1515 5263 1574 5306 aaa
1588 5246 1768 5318 3333333333-

60 5354 258 5414 33333333333
289 5366 346 5421 33,
368 5365 421 5407 333
451 5350 629 5421 agnoscebar
645 5349 681 5406 ab
707 5347 766 5404 illis
782 5346 888 5417 auibus
943 5349 1013 5403 3333.
1027 5333 1768 5407 Noaarmoa·atadaarrsaesirasramaoriasamie

61 5441 158 5500 omnia
174 5443 249 5498 bona
262 5440 399 5511 feceram,
410 5444 438 5496 33
449 5438 709 5510 obstupescebam,
722 5436 787 5507 quia
799 5435 888 5506 lugie-
942 5428 1435 5505 33333333333333,3333333333
1446 5423 1630 5485 laborareari
1640 5421 1768 5481 liberare
