3788 6000
90 258 149 326 me

673 252 914 324 susannam
935 255 1213 327 Umabcmbsls

1734 239 1797 311 *let

87 393 372 470 peontam'e'upmdi
381 392 585 456 sometimioo
595 409 661 455 cem
667 395 822 468 prohibebo
832 393 911 464 ⁹⁸⁰‚st
925 392 954 458 A
968 395 1053 454 nibus
1069 396 1189 454 barbam
1205 391 1384 468 capillosque
1395 387 1525 450 evellens
1535 385 1718 457 frontemque
1731 398 1798 458 pcr-

86 499 155 543 oero
168 484 328 557 importem
339 485 374 543 iu
387 485 578 558 tyrannidem
588 485 757 556 mutaverit,
769 499 865 543 mecm
877 485 912 543 ti-

89 573 186 633 beser
200 574 330 648 suscipio
344 574 388 631 ⁹⁸¹.
406 577 472 632 Haee
488 580 516 630 et
529 574 583 631 slis
596 574 717 647 plurima
731 575 852 632 Rufinus
864 591 914 632 au·

89 662 183 735 diens,
200 664 348 721 nunciavit
363 664 543 736 imperatori,
560 679 680 720 monens
697 679 731 720 ne
747 665 783 720 de
803 664 913 735 palatro

88 752 272 824 procederet.
282 753 586 824 attinrperalcrhsecin
595 752 751 821 nncdiajurn
763 751 857 823 platea
866 767 915 808 co-

50 846 54 863 ¹
89 856 232 910 gnosccns
245 861 251 896 ε
265 842 370 912 Pergo,
385 841 489 911 inquit,
503 840 639 910 etjestes
650 841 775 913 infecte
785 842 916 913 stracipie

88 929 289 987 contremettes.
307 930 434 1000 eumpse
449 928 484 984 ad
501 943 584 985 sacra
601 929 698 986 iimina
717 930 906 1001 pervenisset

90 1016 118 1073 in
134 1022 265 1073 sanctam
280 1017 395 1087 quidem
411 1016 560 1074 basilicam
587 1033 644 1073 nnn
670 1019 851 1090 presumpsit
877 1009 920 1087 in’„

88 1107 178 1175 trare,
196 1105 245 1161 sed
262 1105 411 1162 inveniens
426 1106 588 1162 antistitem
605 1107 633 1162 iu
645 1106 821 1163 salutatorio
848 1107 919 1163 resi.

89 1192 216 1265 delibem,
235 1195 430 1266 supplicabat,
448 1195 555 1265 utcjus
568 1196 680 1252 vincula
692 1197 865 1252 resolveret.
883 1200 918 1252 ht

90 1278 139 1335 ille
157 1283 335 1351 tyrannicam
351 1282 466 1337 dicebat
483 1282 622 1350 cjnscsse
635 1283 821 1354 presentiam,
835 1298 915 1339 carru·

92 1374 261 1439 quocontra
274 1370 544 1426 ileumvesauireet
559 1370 639 1440 leges
650 1371 713 1439 ojus
724 1371 848 1428 calcare.
863 1373 919 1428 lle-

92 1471 155 1513 rum
171 1456 329 1528 imperator
346 1478 351 1515 :
368 1459 441 1528 blois,
461 1459 564 1530 inquit.
579 1461 703 1530 irrsrrrpo
714 1461 920 1518 adocrsresec·

89 1546 911 1620 etesieste'cescoactionesmcciciqmeire-predtlime'nusc

89 1648 141 1692 ero
155 1634 305 1706 contendo,
323 1637 375 1695 sed
390 1637 417 1692 te
431 1637 543 1693 sotoere
553 1637 675 1694 eierato
687 1652 750 1695 rrreo
764 1639 883 1710 deposco
892 1649 923 1706 ec

968 477 1793 559 cutiensetpauimentumlaerimarumguttisnspergens,

968 575 1081 632 veniam
1097 575 1246 647 poscebat.
1263 577 1390 643 Cumque
1408 577 1522 641 tempus
1547 566 1713 630 accederet,
1736 577 1795 635 quo

969 679 1073 721 munus
1088 665 1123 721 ad
1140 665 1232 722 altare
1248 663 1360 720 solebat
1386 660 1501 729 oiierre,
1527 670 1651 725 surgens
1665 668 1730 710 cum
1755 652 1796 709 la·

971 753 1079 823 crimis,
1097 755 1247 823 ingressus
1258 755 1313 808 est.
1327 753 1396 807 curn
1408 763 1476 806 vcro
1489 745 1646 804 obtulisset
1659 744 1736 799 siunt
1747 756 1797 797 so-

972 842 1042 899 litus
1058 849 1131 913 erat,
1145 843 1220 898 intra
1235 838 1381 897 cancellos
1392 838 1483 896 stetit.
1497 838 1609 891 Rursus
1622 839 1718 889 autem
1731 834 1797 886 hm·

973 919 1798 1002 brosiusnonacquievit,scuslhlcrcntismlocornnseco-

973 1019 1044 1087 enit,
1060 1024 1088 1075 et
1106 1019 1198 1090 primo
1215 1018 1329 1089 quidem
1347 1013 1501 1087 requisivit
1517 1011 1586 1082 quid
1604 1010 1642 1066 ihi
1659 1012 1799 1080 expecta·

974 1113 1028 1163 ret.
1040 1110 1219 1179 imperatore
1231 1107 1356 1176 dicente,
1368 1104 1513 1161 sustinere
1526 1115 1557 1156 sc
1569 1111 1720 1156 sacrorum
1731 1109 1798 1167 per·

974 1197 1137 1267 ceptionem
1154 1195 1368 1266 mysteriorum,
1386 1189 1568 1248 remandavit
1585 1188 1610 1243 ci
1638 1201 1689 1258 per
1712 1198 1797 1241 suum

974 1285 1229 1342 archidiaconum:
1245 1273 1798 1354 0topperutm,interiorotocotontum

973 1372 1377 1437 secerdotitesseretcottotc,
1386 1368 1605 1442 praeceleriace
1614 1362 1737 1436 bupresti
1746 1374 1800 1418 mec

974 1463 1144 1534 ecettiapere
1152 1461 1379 1534 permitteretur.
1397 1458 1547 1530 spretore
1560 1455 1667 1527 ipitmr,
1679 1451 1709 1509 et
1718 1449 1798 1508 tanc

975 1551 1221 1622 exspectationem
1236 1549 1417 1608 remerteria
1434 1546 1508 1603 tete
1518 1556 1706 1602 remanerem.
1719 1539 1799 1596 Pm-

972 1654 1051 1711 pem
1066 1653 1194 1712 maneque
1207 1635 1452 1711 imperatoremm,
1464 1648 1523 1692 more
1532 1627 1795 1702 sacerdotessaeit.

91 1724 253 1783 eommunis
268 1724 450 1795 Dominipro
461 1739 506 1782 rme
521 1727 855 1794 ecerorectemeatiem,
866 1742 920 1787 aec
933 1757 961 1818 B
975 1730 1052 1786 luno
1070 1727 1256 1785 fidelissimus
1273 1728 1432 1798 imperator
1454 1723 1542 1779 etiam
1565 1721 1639 1776 bane
1662 1715 1800 1774 traditio·

93 1813 187 1870 michi
197 1815 328 1885 jusseram
342 1813 454 1883 ctumdi,
476 1828 568 1884 perenn
583 1817 695 1872 carretis
707 1817 919 1888 penitentiam

93 1901 251 1972 agentibus
265 1902 410 1960 Drebices
424 1903 523 1960 moster
537 1905 665 1974 apernit.
681 1906 758 1962 Tune
773 1906 917 1963 antistes:

96 1987 921 2064 macriniusuiapertissimasosterseismposttorsissem-

91 2075 921 2150 pertimescamusrnediceminihastecmrctitieeetuerc

88 2165 258 2236 pmpcspce
272 2166 411 2224 creaasti?
424 2197 459 2207 -
473 2169 567 2225 Persem
578 2169 631 2239 est,
645 2169 738 2240 inquit
748 2171 918 2242 imperator,

91 2253 921 2328 edocereetmedicomentatemperom‚memmecroobtctc

91 2341 249 2413 suscipere.
265 2343 343 2399 Tune
356 2347 477 2401 sauctus
494 2346 664 2402 hrnbrcsius
689 2347 748 2402 ait:
776 2348 920 2414 Qreoatem

88 2429 195 2505 smmi
200 2430 354 2502 judiciem
363 2433 444 2489 terrem
454 2434 629 2493 commisisti
638 2436 919 2508 ecnopromopeom

97 2518 133 2576 lit
142 2521 318 2578 sententiam
328 2521 380 2578 sect
390 2522 562 2593 iracundie,
574 2523 670 2582 scribe
683 2525 783 2596 terem,
797 2540 864 2596 qam
873 2527 919 2583 rte-

24 2644 33 2655 ·
93 2608 919 2682 eretcfmroriseecemet,·et30diebresseetentieneciset-

94 2710 152 2768 qne
152 2697 384 2768 proscriptionis
392 2698 591 2756 tantummode
597 2699 795 2759 ⁹³¹moneotin
807 2702 919 2761 titteris

95 2784 918 2860 etjsrciciemespeccetrotioois,ppihmdtebostronsoe-

97 2873 918 2951 tis,trojomcessoote,rotiocoesomp'edieoasepedse·

96 2963 261 3035 nretipsom,
278 2978 344 3036 que
363 2965 532 3035 cognoverit
549 2965 602 3023 sab
622 2968 750 3025 emitote
767 2968 914 3040 disponet.

976 1833 1039 1874 nem
1057 1818 1151 1874 aninlo
1163 1816 1291 1888 gratanti
1316 1814 1489 1887 suscipiens,
1512 1807 1715 1868 remandavit:
1731 1806 1800 1864 Nem

975 1894 1800 1965 rodociecmsointrocemcettosmonsisedindonatore·

976 1983 1801 2068 tinopotttonemrbehoocceesmetvdieemesseeopaoei;

974 2085 1053 2142 meede
1059 2084 1180 2157 pretias
1188 2098 1244 2154 epo
1252 2097 1306 2153 pro
1316 2076 1650 2155 tejesmodimedteime.
1659 2070 1799 2141 Talicrgo

976 2177 1114 2244 tantaque
1130 2178 1159 2228 el
1174 2173 1272 2244 presul
1289 2175 1318 2226 et
1335 2171 1494 2240 imperator
1508 2166 1618 2222 virtute
1634 2160 1796 2219 clarebant.

975 2264 1035 2332 Ege
1046 2266 1142 2318 sutem
1154 2260 1309 2329 utriusque
1319 2272 1393 2329 opus
1406 2255 1552 2323 ammiror,
1564 2248 1797 2313 iliiusliduciam‚

975 2352 1060 2422 huius
1075 2348 1292 2418 oboedientiam,
1310 2345 1389 2402 iilius
1405 2342 1459 2400 zeii
1477 2343 1630 2409 servorem,
1654 2337 1743 2406 hujus
1769 2335 1800 2390 u-

975 2440 1021 2495 dei
1040 2439 1207 2510 puritatem.
1225 2438 1316 2492 Porro
1332 2433 1448 2504 regulas
1466 2429 1585 2504 pietatis
1605 2440 1678 2498 quas
1701 2440 1715 2480 a
1743 2436 1801 2479 ma·

973 2542 1030 2599 gno
1045 2527 1196 2583 sacerdote
1211 2524 1332 2596 recepit,
1350 2535 1488 2579 reversus
1504 2519 1590 2575 etiarn
1606 2517 1634 2572 in
1661 2517 1802 2572 Constan-

974 2615 1165 2688 tinopolitana
1182 2614 1254 2671 urbe
1279 2612 1417 2670 servavit.
1443 2610 1512 2664 Nam
1535 2607 1602 2663 rium
1628 2600 1801 2660 festivitatis

974 2712 1105 2778 tempore
1119 2705 1155 2760 ad
1170 2702 1326 2760 eeclesiam
1343 2698 1550 2772 processisset,
1571 2693 1680 2752 oblatis
1704 2692 1734 2747 in
1758 2689 1797 2746 al·

973 2795 1028 2852 tari
1044 2793 1079 2829 ⁹³⁸
1094 2793 1272 2861 muneribus,
1291 2805 1357 2845 mox
1372 2801 1509 2859 egressus
1525 2788 1580 2841 est.
1598 2785 1729 2853 Cumque
1745 2780 1797 2835 Ne

972 2883 1093 2950 elarius,
1107 2887 1175 2937 tunc
1188 2878 1286 2952 presul
1294 2876 1437 2945 ecclesiae,
1451 2873 1493 2930 illi
1505 2872 1683 2939 naandasset,
1695 2868 1797 2924 curin·

971 2978 1021 3029 tus
1037 2976 1116 3028 stare
1132 2968 1285 3035 inoluissct
1302 2963 1483 3022 remandavit
1498 2962 1524 3018 ei
1548 2960 1686 3033 princeps
1702 2976 1708 3013 :
1742 2951 1808 3014 rie·

93 3052 132 3109 In
142 3051 187 3110 his
197 3053 273 3110 emim
284 3052 386 3112 dietas
396 3067 559 3125 cognosces,
575 3054 702 3126 orejesto
716 3055 759 3113 stt
770 3059 917 3116 sententio
966 3061 1054 3134 potres·
1069 3058 1187 3126 hiscem,
1200 3069 1266 3128 pec
1277 3047 1701 3127 differenticsitc'mpereteris
1711 3045 1742 3102 et
1750 3057 1797 3102 m·

95 3154 186 3213 qeom
199 3141 370 3213 proteletis,
381 3157 422 3201 oo
433 3143 549 3214 isaiaste
558 3163 571 3215 ,·
585 3145 615 3201 et
622 3145 649 3201 si
657 3146 738 3203 notio
743 3146 920 3216 motaverit
932 3115 957 3179 C
972 3148 1120 3218 certatim
1134 3146 1189 3203 cie
1203 3147 1282 3204 enim
1291 3144 1392 3202 inermi
1401 3139 1542 3200 veritatis
1550 3136 1733 3207 manistram
1741 3131 1796 3202 ”⁸,·

95 3229 212 3300 iojrrsto
227 3244 293 3300 que
305 3230 509 3302 susceperam,
522 3233 696 3304 dismempet,
708 3234 736 3292 si
745 3237 914 3307 ccrojeste,

97 3317 237 3387 trmehit,
251 3319 367 3376 dierum
376 3333 442 3375 oero
452 3333 593 3377 hemeras
602 3321 917 3383 odbcceeomimomto

93 3405 235 3479 respiciet.
252 3408 330 3463 itanc
347 3407 581 3463 annnmoniticnem
600 3408 760 3480 imperatur
774 3412 868 3469 aniano
884 3413 916 3469 li-

97 3492 176 3550 benti
191 3495 352 3566 suscipiens
372 3500 400 3552 et
420 3495 558 3568 optimam
574 3499 809 3570 esscccnhdcns,
822 3501 914 3571 legem

95 3583 240 3639 conscribi
253 3587 372 3654 repente
385 3584 515 3656 precepit
527 3588 557 3640 et
566 3586 915 3658 prcpriaemanuslitteris

95 3671 288 3727 confirmavit.
307 3672 368 3739 Quo
385 3672 471 3743 lacto,
497 3674 643 3732 vincutum
662 3675 725 3745 ejus
746 3678 916 3737 Ambrosius

95 3758 917 3826 absolvitituaelexhaetenuschservaturConstantino·

68 3869 69 3872 ¹
94 3843 164 3919 poli.
181 3849 229 3904 Est
246 3854 343 3905 autem
358 3849 545 3919 hujusmodi:

131 3953 145 3987 a
160 3936 354 4009 imperatores
369 3938 533 4011 Gratianus,
547 3938 778 4013 Valentinianus,
789 3943 917 4001 Theudo-

97 4024 158 4082 sius
175 4026 292 4096 augusti
309 4026 445 4083 l'laviann
460 4029 591 4099 prefecto
607 4030 727 4101 pretorii
743 4029 777 4065 ⁹³³
795 4031 915 4090 illirici.

134 4135 147 4164 o
162 4114 189 4171 si
204 4114 344 4172 vindicari
361 4115 389 4172 ln
406 4115 520 4187 aliquos
531 4118 663 4175 severius
675 4123 777 4176 contra
787 4125 917 4178 nostram

96 4204 337 4261 consuetudinem
354 4220 406 4276 pro
422 4220 518 4262 causae
533 4205 641 4263 intuitu
661 4207 845 4280 iusserimus,
870 4224 918 4267 nc·

96 4287 192 4349 turnus
209 4293 308 4350 statim
324 4307 375 4349 eos
387 4297 436 4350 aut
451 4294 550 4351 subire
573 4310 686 4367 poenann
707 4300 757 4353 aut
781 4297 917 4370 excipere

97 4381 289 4448 seutentiam
305 4380 356 4438 sed
372 4396 424 4453 per
440 4382 502 4439 dies
517 4387 552 4439 30
575 4398 662 4456 super
683 4388 793 4442 statuta
818 4400 917 4443 eorum

972 3237 1156 3297 Ambrosiam
1170 3247 1298 3307 nemeae
1311 3231 1406 3290 sotem
1419 3231 1488 3288 moi
1503 3228 1590 3299 dirue
1602 3223 1705 3284 cocere·
1725 3237 1795 3296 pom

972 3326 1091 3399 tisteem.

1007 3413 1137 3471 Habebat
1154 3412 1244 3482 igitur
1255 3410 1414 3482 imperator
1425 3412 1454 3463 et
1467 3405 1551 3463 aliam
1563 3401 1704 3462 utilitatis
1715 3415 1797 3459 ocea-

971 3503 1092 3571 sionem,
1109 3516 1160 3573 per
1177 3498 1313 3570 quamde
1330 3496 1413 3553 bouis
1428 3494 1569 3566 operibus
1590 3491 1794 3563 triumpharet.

971 3590 1101 3661 coujrmx
1116 3589 1190 3644 enim
1208 3588 1270 3659 ejus
1285 3586 1401 3643 divinas
1416 3584 1496 3654 leges
1516 3597 1581 3640 euru
1606 3579 1717 3653 saepius
1741 3591 1797 3634 am·

971 3680 1116 3747 monebat,
1135 3692 1166 3733 se
1184 3677 1276 3748 ipsam
1293 3680 1388 3732 tamen
1405 3673 1488 3745 psius
1505 3667 1795 3744 periecteerudiens.

971 3757 1797 3836 Nouenimregnilastigiiselevatacst,sedpotiusamore

971 3856 1069 3913 divino
1082 3868 1235 3912 succensa.
1249 3850 1386 3908 Beneficii
1398 3845 1798 3920 nasusquemagnitudomsins

971 3945 998 4002 ei
1010 3943 1189 4001 desiderium
1203 3937 1573 3997 benefactorisexbibebat.
1583 3937 1799 4006 Repenteuam·

973 4048 1028 4105 que
1045 4036 1075 4089 ut
1092 4031 1170 4089 venit
1188 4029 1224 4086 ad
1243 4042 1411 4102 purpuram,
1428 4025 1599 4083 claudorum
1614 4026 1705 4094 atque
1721 4022 1799 4080 debi-

972 4120 1043 4180 lium
1059 4121 1212 4176 manimam
1227 4117 1330 4174 habult
1345 4131 1456 4187 euram,
1472 4129 1530 4171 non
1544 4112 1650 4183 servis,
1662 4125 1722 4168 non
1735 4110 1799 4169 aliis

973 4209 1115 4267 ministris
1130 4206 1164 4242 ⁰³⁷
1179 4211 1284 4273 utens;
1300 4205 1350 4262 secl
1367 4218 1419 4277 per
1434 4207 1525 4260 semet
1542 4202 1635 4274 ipsam
1651 4214 1754 4270 agens,
1770 4205 1799 4256 et

974 4299 1009 4355 ad
1025 4312 1125 4355 eorum
1139 4293 1305 4352 habitacula
1322 4293 1452 4360 veniens,
1469 4291 1625 4361 unicuique
1638 4289 1798 4360 quodopus

974 4388 1094 4444 haberet
1111 4385 1263 4458 prebebat.
1277 4384 1322 4440 Sic
1336 4383 1422 4439 ctiam
1435 4395 1487 4453 per
1499 4378 1702 4437 aeceiesiarum
1714 4392 1799 4434 xeno

96 4484 160 4527 sors
174 4474 204 4525 et
221 4469 335 4525 icrtuna
351 4485 491 4543 suspensa
507 4472 554 4528 sil.
581 4474 657 4530 Reos
681 4488 750 4530 sane
774 4475 915 4546 accipiant
931 4476 959 4540 D
975 4475 1078 4532 buchia
1094 4474 1272 4542 discurrens,
1288 4472 1349 4529 suis
1364 4470 1497 4526 manibus
1511 4466 1696 4525 ministrabat
1723 4464 1799 4522 inilr·

96 4557 223 4628 vincula,
236 4562 324 4629 atqrre
335 4559 468 4616 custodia
481 4564 508 4615 ct
521 4561 653 4619 excubiis
664 4562 836 4621 sollertibus
848 4564 919 4635 vigi·

96 4644 191 4702 ianter
206 4647 437 4704 observentur.»

133 4735 177 4792 Sic
193 4735 283 4805 igitur
295 4735 514 4793 sacratissimus
526 4736 685 4809 imperator
696 4738 808 4810 ingredi
821 4738 919 4796 iimina

97 4838 183 4883 sacra
191 4839 373 4898 presumens,
387 4840 442 4882 non
454 4829 536 4883 stans
547 4827 666 4884 Domino
678 4828 863 4899 supplicavit,
873 4842 921 4886 ne·

98 4928 153 4986 que
170 4928 263 4984 genua
279 4912 370 4985 llexit,
388 4913 440 4971 sed
456 4929 566 4987 pronus
585 4915 614 4971 in
628 4916 794 4987 pavimento
808 4919 918 4989 jacens,

96 5002 257 5060 Daviticam
273 5002 464 5076 proclamavit
480 5019 580 5063 vocem
599 5023 604 5059 :
621 5003 921 5079 idtesitpoeimereto

100 5089 922 5166 entmamec,eieistccmeseeendemcertmsttrumma-

975 4564 1039 4632 mis,
1057 4561 1130 4620 ollas
1145 4575 1246 4618 eorum
1261 4564 1390 4629 tergens,
1401 4557 1448 4627 jus
1458 4560 1590 4628 gustans,
1602 4553 1748 4612 coclearia
1760 4552 1799 4609 ol·

977 4652 1082 4722 terens,
1099 4665 1202 4723 panem
1217 4650 1363 4720 frangens,
1384 4648 1524 4717 cibusque
1548 4644 1731 4715 ministrans,
1755 4655 1799 4699 ca·

975 4739 1047 4797 lices
1063 4739 1193 4808 abluens,
1211 4742 1238 4793 et
1256 4736 1311 4792 alia
1326 4741 1433 4793 cuneta
1448 4733 1559 4791 taciens
1574 4746 1638 4803 quae
1653 4731 1749 4789 servis
1770 4734 1799 4786 et

976 4827 1119 4885 ministris
1135 4841 1196 4884 mos
1211 4828 1257 4882 est
1273 4824 1432 4882 celebrare.
1451 4823 1618 4892 tiisautem,
1632 4820 1753 4893 quieam
1764 4819 1799 4876 de

976 4909 1656 4984 rebustalibusnitebanturprchiberc,dicebat
1669 4910 1800 4967 :Aurum

977 5004 1154 5063 distribuere
1163 5002 1359 5076 opusimperii
1368 5001 1433 5072 est,·
1441 4999 1663 5073 epcooampro
1671 4998 1738 5069 ipso
1746 4995 1800 5052 im

971 5094 1058 5168 perio
1069 5093 1120 5152 hoc
1129 5107 1201 5167 epm
1210 5092 1300 5167 offero
1311 5090 1386 5150 bono
1398 5089 1492 5151 misti
1505 5088 1607 5148 marsia
1619 5086 1797 5162 conserenti.

780 5301 899 5357 VARIAE
919 5301 1120 5362 lectiones,

138 5463 177 5501 ⁰⁸⁰
197 5466 340 5539 prohibeo
361 5472 386 5523 h.
425 5466 458 5501 ⁹¹¹
483 5469 642 5542 suscipiam
659 5474 683 5524 5.
722 5467 757 5501 ⁹⁸²
781 5469 808 5525 in
832 5472 853 5524 t.
874 5472 911 5524 9⁰.
950 5467 985 5504 ⁰⁸⁸
1005 5468 1136 5542 pretorio
1159 5469 1197 5524 bt.
1235 5465 1483 5539 ⁰⁸‘imperatorem
1503 5479 1560 5522 non
1577 5462 1765 5520 sacerdotem
1777 5466 1801 5519 h.

117 5536 141 5572 ¹⁸
161 5537 305 5596 altares.
321 5538 357 5595 ad
373 5536 465 5595 altare
479 5543 504 5595 t.
525 5539 559 5574 ⁹³⁶
574 5555 610 5595 m.
627 5556 653 5597 v.
671 5545 696 5597 ti.
717 5538 751 5574 '³⁷
770 5539 885 5599 ancillis
899 5546 936 5598 90.
