3788 5992
63 202 126 275 eos
180 184 200 226 ·’

695 156 942 270 cnsouicon.
959 241 1000 253 -
1014 204 1091 271 ors.
1109 206 1145 272 u.

1714 214 1772 278 394

66 348 209 407 miserant
225 347 260 404 ad
275 346 496 416 congregandos
512 344 618 402 iratres
634 343 681 415 qui
701 347 822 415 possent
845 355 893 399 ve·
907 341 934 403 A
949 347 979 398 et
993 341 1147 401 absolutus
1161 344 1197 401 ab
1211 342 1254 402 eis
1268 352 1323 402 est.
1341 345 1409 403 iude
1425 347 1553 407 sociatus
1576 351 1712 411 omnibus
1744 350 1773 412 in

65 439 141 507 nire,
157 436 244 508 etqui
256 450 312 492 uon
325 439 452 505 possent,
466 439 495 490 ut
509 433 661 491 sanitatem
674 432 737 502 ejus
748 447 762 488 a
773 431 893 489 homino

64 531 249 601 expeterent,
265 531 313 583 aut
330 525 440 582 exitum
455 525 518 594 eius
533 523 714 580 orationibus
740 520 894 594 praemuni-

65 622 134 674 rent
148 615 196 674 ⁶⁸⁹.

103 706 173 760 Cum
189 703 278 774 igitur
293 705 328 760 ad
344 718 410 760 eum
427 702 580 759 visendum
605 701 739 757 certatim
766 698 894 769 undique

62 796 302 860 concurreretur,
321 793 382 863 ipse
396 806 496 847 omues
517 789 807 857 commonefaciebat,
836 802 895 843 om·

69 882 159 939 nibus
174 880 258 937 sudem
274 895 359 951 quani
375 885 510 936 tenuerat
525 883 554 935 et
573 894 624 950 pro
642 894 697 949 qua
723 877 894 933 exulaverat

68 970 223 1028 tenendam
232 969 413 1033 inculcabat;
426 969 609 1025 dicenshauc
619 982 683 1023 esso
692 981 788 1022 veram
797 965 892 1034 sideni,

69 1064 143 1117 lianc
155 1057 327 1116 catholicam
339 1063 368 1113 et
380 1058 581 1129 apostoticam,
595 1071 648 1128 pro
660 1070 715 1126 qua
727 1054 823 1111 nullus
844 1052 895 1109 du-

70 1147 295 1204 bitaredeberet
305 1146 364 1218 pati
373 1146 506 1214 adversa,
515 1146 601 1200 imuio
609 1159 662 1200 uec
670 1144 760 1214 ipsam
772 1147 893 1198 mortem

68 1236 172 1294 subire
184 1254 191 1303 ;
204 1249 340 1292 assereus
352 1249 393 1303 se,
407 1235 430 1290 si
439 1234 584 1289 vellentet
593 1236 769 1304 oportunum
777 1231 892 1300 luisset,

68 1327 98 1380 in
115 1331 175 1380 tarn
185 1323 336 1380 tremanda
349 1324 430 1392 hora,
441 1337 507 1379 cum
519 1322 554 1378 ad
567 1322 616 1379 liei
625 1320 766 1391 judiciuin
778 1320 895 1375 lestine-

69 1419 116 1469 ret
125 1413 234 1481 anima,
247 1420 415 1482 separatum
427 1426 493 1466 csse
502 1409 578 1481 quod
587 1410 702 1465 dicebat
711 1411 893 1464 sacramento

69 1502 198 1570 liemare,
214 1502 243 1555 et
261 1514 313 1570 pro
331 1499 386 1554 ilde
403 1499 503 1555 eadem
521 1499 624 1567 milies,
640 1498 664 1552 si
675 1500 752 1553 Deus
764 1496 893 1566 iuberet,

68 1590 146 1647 velle
157 1588 252 1646 occidi
265 1589 359 1653 (liert.
372 1589 428 1658 28).
442 1589 477 1643 Et
488 1602 553 1644 cum
563 1587 620 1656 jam
634 1592 714 1643 totus
725 1585 760 1641 ad
771 1585 816 1641 sui
837 1584 896 1640 dis·

949 433 1049 489 osculo
1059 439 1171 500 sancto,
1185 450 1251 491 cum
1264 434 1388 492 vidisset
1401 436 1515 508 aliquos
1525 439 1663 497 nobilium
1676 448 1773 500 astan-

950 526 1005 591 tes,
1023 522 1103 578 viros
1120 522 1277 592 religiosos
1292 530 1322 580 et
1339 525 1387 595 qui
1405 526 1492 583 heum
1504 527 1598 598 pluris
1611 529 1773 589 habuerant

950 624 1033 679 quani
1051 610 1190 679 seculum,
1209 611 1287 682 ipsos
1301 612 1389 668 etiarn
1405 615 1484 670 adse
1499 616 1631 672 evocavit
1646 621 1674 672 et
1691 632 1776 675 oscu-

951 696 1027 753 latus
1043 704 1098 753 est.
1118 698 1239 754 Stabant
1253 698 1281 754 ii
1299 706 1411 771 partem
1427 704 1548 758 atteram
1565 708 1594 759 et
1609 704 1722 763 nobiles
1737 707 1776 762 te·

951 786 1044 856 inlnae,
1060 793 1090 842 ot
1105 787 1175 860 ipseo
1192 803 1206 843 a
1224 789 1324 845 seculo
1338 805 1497 861 converse,
1509 807 1594 848 soror
1606 793 1717 850 scilicet
1730 795 1776 850 lti-

948 876 1050 931 chardi
1062 877 1235 934 albanensis
1245 879 1386 950 episcopi,
1400 882 1428 934 et
1439 879 1494 935 alia
1503 881 1624 951 quedam
1633 897 1689 939 non
1698 884 1776 955 igno

952 966 1019 1021 bitis
1032 965 1164 1034 larriiliae;
1179 983 1250 1038 uuas
1261 983 1328 1024 cum
1340 968 1376 1022 ad
1389 982 1420 1024 se
1432 968 1775 1043 similiterovocasset,et

951 1055 998 1125 pio
1010 1056 1103 1125 patris
1114 1056 1221 1112 ellectu
1233 1070 1283 1112 ens
1297 1056 1408 1112 diisset
1422 1073 1540 1114 sorores
1550 1075 1619 1115 suas
1631 1066 1776 1131 protesta-

951 1143 1118 1213 tusluisset,
1128 1143 1466 1216 diceusdchcrcetipsns
1473 1147 1548 1216 patri
1562 1147 1693 1205 ultimum
1712 1150 1776 1208 vale

949 1230 1059 1301 dicere,
1078 1246 1191 1287 niarium
1213 1232 1255 1287 eis
1272 1233 1402 1302 porrexit
1420 1239 1453 1290 ut
1478 1250 1539 1290 cani
1561 1237 1774 1310 oscularentur,

949 1321 1022 1374 lianc
1038 1319 1193 1389 designans
1211 1321 1338 1391 ipsarum
1353 1336 1419 1377 esse
1434 1321 1542 1379 debere
1557 1324 1592 1379 ad
1607 1340 1672 1382 curn
1683 1327 1777 1384 socio-

950 1406 1004 1464 lem
1020 1408 1166 1478 unionem,
1183 1408 1260 1479 qiiod
1276 1425 1331 1466 uon
1348 1411 1386 1466 sit
1403 1409 1515 1468 licitum
1532 1412 1669 1470 mulieres
1681 1430 1778 1473 sacor-

949 1497 1068 1554 dotibus
1081 1498 1162 1567 jungi
1183 1499 1211 1553 in
1227 1499 1337 1569 osculo,
1355 1504 1384 1555 et
1400 1500 1523 1555 rriaxime
1538 1500 1691 1573 religiosas
1712 1505 1765 1561 reh

950 1587 1050 1655 giosis.
1069 1588 1137 1643 Cum
1155 1588 1244 1657 igitur
1258 1593 1286 1643 et
1305 1588 1393 1660 ipsus,
1412 1589 1583 1647 ammonitas
1600 1597 1632 1647 ut
1647 1592 1692 1648 his
1713 1609 1777 1665 quas
1829 1646 1831 1655 ,

68 1677 249 1735 solutionem
266 1675 425 1738 laboraret,
445 1676 510 1732 inde
528 1680 623 1730 tomen
642 1679 720 1730 totus
740 1675 767 1731 ei
787 1689 893 1743 sermo,
908 1708 937 1770 B
953 1675 1018 1732 aliis
1030 1676 1106 1732 dieta
1117 1683 1201 1732 erant
1213 1677 1408 1744 intenderent,
1421 1681 1450 1732 et
1462 1678 1572 1734 scirent
1583 1680 1683 1737 eadem
1699 1681 1778 1740 dicta

69 1771 167 1823 totum
184 1765 373 1830 desiderium,
391 1768 451 1820 tota
463 1764 590 1833 allectio,
605 1768 636 1819 ut
651 1763 704 1819 hec
717 1763 814 1819 hdess
832 1777 896 1818 rva·

69 1859 164 1923 retur,
174 1851 895 1922 baectotavirtute,totaanimacustodiretur;nec

70 1943 179 2015 aliquis
193 1946 260 1999 ante
275 1957 341 1998 eum
354 1942 442 2011 vonit,
456 1943 504 2014 qui
518 1957 573 1998 noo
589 1942 623 1998 ad
636 1943 690 1998 hoc
701 1954 896 1997 commonere·

69 2038 140 2090 tur:
159 2032 262 2088 dicens
277 2032 394 2088 cornino
409 2031 581 2102 dampnatos
595 2044 661 2087 osse
677 2044 800 2100 quorum
816 2043 897 2085 meus

70 2121 170 2178 abhac
182 2120 368 2178 observantia
383 2136 433 2191 per
445 2136 476 2175 sc
489 2119 719 2191 repelleretur,si
732 2117 897 2188 contigeret

69 2224 122 2267 eos
135 2211 245 2280 absque
258 2195 428 2281 poenitentia
440 2209 568 2277 colongi,
581 2213 611 2264 ut
624 2222 679 2263 nun
692 2222 744 2278 per
757 2207 897 2278 poeniteu-

69 2299 142 2356 tiam
159 2298 266 2355 unitati
292 2298 426 2370 corporis
445 2297 587 2353 aecclesie
611 2296 893 2364 redintegrarentur,

71 2386 230 2457 Aliquibus
241 2400 310 2456 ergo
322 2386 426 2442 dicbus
438 2385 698 2452 intercedentibus,
708 2387 788 2453 quasi
798 2396 897 2453 presa·
920 2448 922 2455 Ι

66 2475 274 2546 gusvicinisui
287 2474 437 2543 transitus,
451 2474 558 2529 tratres
572 2481 602 2528 et
614 2472 690 2528 filios
701 2471 897 2542 uuostristo

70 2561 613 2635 adquisierat,anteserenirolecit,et
637 2559 810 2616 ammirabili
834 2559 897 2616 vul-

68 2650 329 2721 tusetorisgratia
340 2648 538 2706 desalutesna
555 2662 606 2705 eos
622 2648 894 2720 commonefaciens,

68 2743 99 2796 et
110 2740 141 2796 in
150 2739 272 2796 Domino
284 2753 404 2810 sperare
415 2750 594 2807 ammonens,
606 2737 804 2793 confitebatur
820 2735 897 2807 quod

70 2843 129 2885 nun
146 2829 219 2885 bene
233 2842 285 2884 eos
301 2827 420 2897 rexerit,
438 2841 494 2882 non
511 2827 551 2881 ita
567 2830 688 2897 paterno
704 2839 774 2896 erga
787 2840 839 2882 eos
859 2825 899 2881 al·

71 2919 152 2974 iectu
162 2916 272 2987 egisset
284 2921 315 2973 ut
326 2916 471 2985 debuerit,
485 2915 550 2986 quia
563 2914 647 2972 homo
656 2919 746 2984 esset,
757 2915 806 2985 qui
819 2924 899 2971 nutn-

72 3021 161 3078 quam
178 3005 207 3061 iu
221 3005 323 3061 eodem
342 3009 422 3061 statu
439 3010 588 3075 permanet
604 3004 665 3074 (iol.
682 3007 754 3076 lto).
775 3005 810 3059 Et
833 3019 897 3061 eum

953 1779 1018 1821 csse
1034 1769 1064 1821 ct
1079 1765 1144 1834 sibi,
1163 1780 1178 1820 a
1195 1781 1225 1822 se
1242 1765 1380 1821 dimissas
1407 1767 1510 1836 gratiae
1521 1767 1570 1823 bei
1587 1769 1777 1842 assignasset,

953 1867 1061 1925 corpus
1075 1854 1249 1911 dominicum
1265 1854 1401 1925 sumpsit,
1415 1859 1443 1910 et
1462 1861 1542 1912 totus
1559 1856 1594 1912 ad
1610 1859 1697 1913 ileum
1711 1874 1779 1916 con·

952 1956 1063 2012 versus,
1081 1957 1112 1998 sc
1126 1948 1155 1998 et
1171 1957 1272 1998 omnes
1287 1943 1389 2013 pietati
1412 1942 1475 2012 eius
1498 1945 1655 2016 commisit,
1679 1947 1780 2019 proeci-

951 2031 1036 2101 pieus
1050 2032 1185 2087 omnibus
1202 2037 1233 2087 ut
1250 2046 1334 2101 quern
1351 2032 1513 2089 nominaret
1526 2035 1639 2092 donnus
1651 2036 1777 2108 dedere,

952 2120 1000 2191 qui
1017 2120 1072 2175 sihi
1087 2119 1255 2189 assistebat,
1267 2120 1423 2190 virutique
1439 2121 1505 2176 boni
1517 2122 1675 2180 testimonii
1695 2127 1724 2181 et
1736 2139 1780 2182 re-

952 2206 1064 2277 ligiosae
1079 2208 1323 2277 conversationis,
1342 2208 1435 2279 ipsum
1452 2209 1505 2265 sibi
1524 2209 1586 2280 ipso
1599 2211 1780 2269 dietumula·

952 2297 1040 2353 tionis
1056 2311 1117 2353 suae
1135 2311 1186 2366 per
1200 2295 1396 2352 obedientiam
1412 2312 1612 2354 successorem
1624 2300 1777 2375 eligerent,

951 2390 981 2439 et
996 2383 1036 2438 illi
1053 2385 1220 2448 obedirent;
1238 2388 1266 2440 et
1283 2385 1307 2439 si
1326 2383 1400 2440 alter
1415 2384 1465 2441 illo
1478 2385 1779 2460 neglectoetrepulso

952 2472 1122 2543 eligeretur,
1139 2472 1219 2529 nullo
1235 2474 1320 2530 niodo
1336 2474 1360 2530 ei
1377 2474 1541 2531 obedirent.
1563 2476 1682 2533 Dicebat
1702 2479 1779 2536 enim

953 2561 1030 2620 nolle
1047 2565 1088 2631 ut,
1101 2561 1178 2632 quod
1194 2562 1255 2633 ipse
1271 2561 1476 2634 aedificaverat,
1499 2563 1574 2622 alins
1600 2565 1777 2625 destrueret.

953 2649 1778 2727 cuipraeceptorumornnesseassensurospromisissent,

953 2752 1052 2794 omnes
1068 2752 1152 2793 manu
1168 2742 1305 2809 protensa
1321 2739 1481 2810 benedixit,
1497 2744 1526 2795 et
1542 2740 1650 2797 clausis
1674 2741 1779 2815 oculis,

954 2826 1136 2898 praeparabat
1154 2841 1185 2882 se
1201 2827 1237 2882 ad
1253 2827 1352 2883 horam
1366 2827 1478 2883 Domini
1495 2829 1638 2887 uenientis
1659 2836 1690 2888 ut
1716 2846 1782 2904 ape·

954 2914 1023 2969 ritet
1039 2914 1077 2984 ei,
1093 2914 1257 2971 intraturus
1272 2930 1336 2971 cum
1353 2929 1387 2971 eo
1402 2921 1432 2970 et
1448 2931 1500 2987 per
1519 2930 1584 2973 eum
1604 2918 1639 2975 ad
1663 2920 1781 2992 nuptias

955 3002 1030 3072 agni.
1048 3003 1231 3073 Legebantur
1253 3008 1320 3060 aute
1334 3019 1400 3060 eum
1415 3005 1568 3076 passiones
1582 3008 1733 3066 dominicae
1746 3010 1783 3066 ab

71 3109 126 3151 eos
138 3094 345 3165 satispaterne
357 3094 566 3150 ammonuisset
577 3097 606 3150 ut
618 3094 647 3148 in
660 3092 715 3149 lide
726 3097 807 3149 recta
825 3092 899 3149 hreni
915 3067 939 3130 C
954 3106 988 3148 eo
1004 3105 1088 3162 quiem
1105 3092 1208 3162 uoluit,
1226 3097 1254 3147 et
1266 3093 1312 3149 cui
1330 3095 1469 3165 praecepit
1487 3095 1569 3167 (220),
1591 3104 1696 3152 etcum
1709 3097 1783 3154 reci-

73 3184 281 3254 persisterent,
298 3183 376 3238 sicut
390 3197 454 3238 cum
471 3183 604 3238 viderent
619 3184 791 3239 constanter
806 3187 834 3238 ct
853 3181 899 3236 irr-
955 3185 1018 3236 tare
1035 3179 1127 3237 lector
1144 3195 1211 3251 quoe
1226 3185 1255 3237 et
1271 3187 1378 3253 quanta
1395 3183 1526 3239 lecerunt
1542 3184 1578 3254 ci,
1597 3188 1677 3242 totus
1698 3186 1727 3242 in
1750 3201 1782 3243 se

69 3272 160 3328 miter
171 3271 358 3343 perdurasse,
370 3276 399 3327 ct
411 3271 899 3327 omnesastantesnellerentnianu
957 3271 1107 3341 tremebat,
1126 3271 1198 3326 adeo
1214 3275 1244 3327 ut
1260 3273 1366 3328 crebro
1382 3272 1536 3330 audiretur
1545 3289 1602 3330 vox
1631 3275 1756 3332 dicentis
1773 3295 1780 3333 :

68 3365 241 3430 etrocequa
252 3364 366 3431 poterat
375 3366 578 3430 compesceret
588 3361 671 3431 diuo,
681 3360 731 3429 ait,
742 3359 900 3430 quipctrir
954 3359 1082 3417 Inimici
1097 3361 1154 3416 liri
1167 3373 1263 3431 quere
1277 3361 1491 3434 iterfecerunt?
1504 3363 1571 3420 Nou
1585 3364 1785 3436 agnoscebant

67 3448 286 3521 maleficio,
296 3447 901 3519 iicetiromrrituasoogor,primeeeorui.
954 3449 1049 3506 Derim
1062 3461 1133 3506 reru
1148 3448 1300 3520 dicentem,
1317 3449 1590 3523 mirusurirotemr
1600 3451 1658 3511 Ait
1677 3454 1783 3525 prcoles

68 3539 466 3598 roioamcrrctoritctrlieiet
482 3541 654 3596 scortorum
665 3539 694 3594 ct
707 3538 804 3611 officii
821 3538 900 3596 miii
949 3551 1045 3610 penos
1058 3537 1142 3594 urcio
1158 3538 1260 3595 iuuet!
1276 3540 1360 3595 Venit
1376 3554 1446 3609 ergo
1463 3540 1534 3597 hora
1555 3556 1640 3612 quam
1667 3557 1783 3615 semper

66 3629 230 3698 commissi,
242 3627 324 3685 eioos
333 3627 595 3698 postioecputrem,
609 3627 808 3683 karissimum
819 3628 902 3684 sicut
954 3627 1117 3695 optauerat,
1128 3629 1157 3679 et
1169 3639 1233 3680 cum
1248 3622 1396 3697 paululum
1407 3624 1546 3697 siluisset,
1559 3628 1652 3684 oculis
1673 3630 1782 3688 clausis

61 3715 899 3790 sttiicmaotissimietdesideeotissimi,ciricsrpcrc-
953 3711 1043 3768 veluti
1056 3712 1202 3769 dormiens
1212 3714 1346 3784 spiritum
1357 3715 1474 3770 chlavit.
1488 3716 1599 3787 Corpus
1614 3716 1676 3787 eius
1690 3718 1782 3776 lotum

69 3805 170 3864 iimre
179 3806 481 3877 corporecoocutem
491 3804 651 3875 spirituaii
661 3803 825 3875 offertione.
846 3804 898 3861 Vos
953 3807 982 3856 et
995 3805 1127 3857 curatum
1142 3802 1187 3874 pia
1199 3801 1324 3858 liliorum
1337 3802 1500 3873 diligentia,
1513 3805 1643 3862 uestibus
1658 3807 1783 3865 sacratis

63 3895 383 3969 premittetispcirrm
398 3896 496 3966 etipse
504 3894 615 3966 affecte
630 3894 780 3950 deducetis
790 3893 831 3950 cd
841 3895 899 3950 Do·
953 3904 989 3946 ex
1006 3903 1085 3946 more
1100 3891 1233 3947 indutum
1250 3896 1306 3962 est,
1324 3895 1352 3946 et
1369 3896 1436 3947 ante
1447 3892 1540 3948 attare
1553 3895 1645 3951 sancti
1662 3893 1782 3952 Firmini

71 3984 264 4056 minwerco
278 3983 759 4041 silicusmisericordiomcoimc
776 3982 898 4053 mresr-
954 3978 1009 4050 piis
1023 3993 1140 4035 suorum
1152 3980 1280 4036 berneris
1293 3980 1420 4035 delatum
1434 3984 1490 4050 est,
1504 3984 1533 4035 et
1545 3984 1677 4040 excubiis
1703 3985 1783 4043 debi-

72 4071 338 4144 efficaciorem
348 4072 509 4143 rtecpecto,
526 4070 683 4140 udietoret
696 4069 898 4127 corroborator
951 4066 1002 4136 tis,
1011 4067 1248 4136 quasdictavitet
1257 4068 1353 4138 potuit
1365 4082 1446 4124 amor
1458 4068 1593 4141 liliorum,
1608 4071 1781 4130 honoratum

71 4159 321 4232 rrostdeinrrtrc
333 4159 467 4217 omuibus
480 4158 590 4229 diebus,
616 4160 645 4215 rt
661 4160 721 4216 orei
739 4169 899 4215 memorem
953 4160 999 4211 est
1016 4156 1109 4226 (llari.
1127 4158 1182 4227 ab).
1195 4157 1224 4211 ln
1237 4155 1395 4213 crastinum
1412 4157 1500 4213 missa
1516 4172 1581 4214 eom
1598 4159 1684 4216 nimio
1700 4160 1782 4220 luctu

70 4248 698 4321 moreropercurriliumgrcttaebeihec
713 4247 823 4317 dicens,
838 4253 899 4303 sto·
953 4249 983 4301 et
998 4242 1111 4301 ululatu
1128 4244 1256 4301 omnium
1272 4243 1433 4316 celebrata,
1450 4247 1485 4301 ad
1502 4248 1710 4306 monasterium
1726 4251 1783 4308 iter

73 4334 410 4407 lamsibitecitaffe1·ri,
427 4342 457 4393 et
472 4351 537 4394 cum
551 4351 613 4392 eam
629 4335 705 4392 collo
722 4335 785 4405 ejus
808 4337 898 4407 impo-
954 4331 1073 4404 aggredi
1090 4336 1284 4404 maturarunt,
1300 4348 1357 4404 quo
1382 4348 1414 4390 se
1438 4333 1555 4406 sepeliri
1582 4339 1782 4412 mandauerat,

72 4425 216 4498 ruissent,
223 4425 350 4496 jacentis
361 4431 442 4482 tanta
453 4426 547 4496 gratia
558 4429 588 4481 ct
599 4425 705 4482 decore
717 4425 898 4497 resplenduit
913 4423 939 4485 D
955 4423 1022 4495 quia
1039 4423 1115 4479 inter
1132 4421 1206 4479 lilios
1221 4423 1249 4477 in
1265 4422 1364 4478 buinili
1381 4423 1456 4496 loco,
1474 4425 1550 4481 sicut
1561 4429 1589 4481 ct
1603 4428 1742 4502 praecepit
1753 4433 1785 4486 et

73 4514 290 4585 larissenae
303 4515 698 4586 itaaptabaturei,utomnes
711 4515 896 4584 mirarentur,
954 4510 1057 4581 voluit,
1074 4510 1212 4569 tumulari
1228 4510 1421 4583 disposuerat.
1435 4514 1501 4571 ideo
1512 4521 1609 4573 autern
1626 4518 1726 4587 egredi
1738 4532 1785 4575 ac-

73 4607 104 4660 et
118 4617 197 4660 nnnc
208 4617 301 4675 usque
310 4607 515 4676 protestentur
526 4603 603 4674 quod
615 4618 770 4674 numquam
783 4604 822 4659 ita
834 4605 861 4659 ei
871 4605 900 4659 in
954 4599 1114 4657 celeratum
1124 4605 1180 4671 est,
1190 4601 1501 4661 revenienteducevel
1517 4603 1622 4660 comite
1638 4606 1785 4663 ceterisve

72 4695 137 4748 tota
152 4692 214 4749 vita
229 4706 283 4749 sua
298 4693 440 4749 habitudo
461 4692 628 4750 vestimenti
651 4691 730 4749 illius
754 4694 782 4748 iu
804 4693 900 4762 gratia

73 4785 213 4853 coaptata
228 4782 269 4837 sit
283 4782 361 4839 sicut
376 4786 455 4852 tunc,
468 4797 533 4838 cum
545 4781 679 4838 omnibus
690 4780 795 4838 diebus
806 4795 899 4852 usquo

74 4869 113 4927 ad
128 4868 158 4926 id
176 4875 292 4942 tempus
308 4877 338 4927 et
353 4872 453 4927 horam
468 4871 517 4928 uix
529 4870 645 4926 inventa
657 4870 696 4926 sit
712 4885 833 4941 persona
849 4869 901 4928 ali-

75 4959 899 5031 qna,cuisicconveniretornatusetappositiosacrarum

75 5048 295 5124 restiumsicut
304 5049 342 5118 ei,
356 5049 382 5104 iu
394 5050 500 5120 gratio,
516 5048 720 5118 inhonestate,
733 5047 760 5103 in
773 5049 901 5120 proceri-

75 5139 141 5193 tate
152 5135 182 5193 in
192 5136 304 5208 vultus,
314 5141 344 5194 et
356 5138 616 5210 pronunciationis,
627 5141 655 5193 et
668 5135 846 5193 habitudinis
861 5137 902 5193 di-

74 5223 202 5296 gnitate.
218 5227 379 5285 Prostratis
389 5241 460 5298 ergo
471 5226 615 5297 omnibus,
626 5224 752 5283 absolvit
767 5230 900 5298 cunctos,

955 4689 1057 4761 patriae
1074 4689 1260 4761 primoribus,
1278 4705 1293 4746 a
1309 4691 1416 4761 guibus
1433 4692 1521 4748 nimio
1541 4691 1720 4763 diligebatur
1745 4695 1787 4753 ai.

956 4777 1044 4847 lectu,
1060 4794 1168 4850 corpus
1182 4778 1245 4848 ejus
1257 4780 1446 4850 retineretur,
1463 4786 1491 4836 et
1509 4780 1544 4836 ad
1576 4782 1785 4839 monasterium

956 4868 1079 4940 perlerri
1095 4874 1263 4934 vetaretur;
1276 4867 1354 4939 quod
1365 4874 1395 4923 et
1405 4869 1589 4939 contigisset,
1603 4869 1658 4925 nisi
1674 4871 1710 4927 ab
1727 4871 1784 4928 hisi

957 4956 1667 5029 quornmstudiiidcratprospicerc,anticipatnm
1690 4966 1785 5052 esset,

957 5052 989 5104 ut
1004 5062 1019 5103 a
1033 5044 1103 5102 villa
1118 5046 1226 5102 clatum
1239 5046 1296 5115 jain
1315 5051 1426 5117 partem
1441 5045 1496 5102 viae
1519 5048 1693 5120 peregisset,
1720 5065 1786 5121 quae

958 5135 1040 5193 ducit
1056 5134 1107 5191 illo
1124 5149 1180 5205 quo
1194 5139 1257 5191 erat
1275 5133 1460 5190 tendendum.
1479 5135 1659 5194 Occurrebat
1669 5131 1786 5212 corpori

959 5222 1122 5280 honorilice
1138 5223 1224 5279 turba
1242 5223 1341 5296 populi
1356 5222 1465 5281 diversi
1479 5237 1568 5284 sexus
1581 5231 1613 5284 et
1635 5228 1741 5301 aetatis,
1756 5232 1787 5288 et

774 5322 892 5381 VARIAE
911 5319 1113 5381 Lectiones

878 5464 989 5522 NOTAE.

113 5393 150 5430 ⁴⁸¹
164 5397 199 5453 tt
214 5393 300 5456 tiore
312 5410 414 5458 eure.

118 5535 458 5670 (wokscriptorhorum
475 5537 563 5596 tuisse
578 5537 703 5596 ridetur.

210 5626 315 5672 arsou.
332 5608 445 5674 CLIV.
