3788 5992
65 247 124 318 898
501 249 721 315 CHRONICA.
739 285 778 298 -
792 247 1028 316 CHRONICON
1053 249 1328 320 UNIVERSALE.
1707 259 1766 327 894

60 387 195 449 solebant
206 383 371 459 profligatis
382 389 411 441 et
428 382 731 457 insuampotestatem
744 384 884 456 redactis,
901 400 929 461 Α
946 385 1086 445 desolatae
1104 393 1260 448 testantur.
1277 391 1310 447 Hi
1326 391 1413 450 etiam
1430 406 1445 448 a
1466 392 1637 454 balmantiis
1651 395 1764 456 euocati

61 477 162 535 decem
178 475 256 532 milia
281 476 429 532 hominum
453 491 488 532 ex
512 477 559 532 his
574 476 622 547 qui
639 481 777 546 utrasque
809 474 886 547 ripas
948 490 1078 546 magnam
1094 478 1206 535 cladem
1231 480 1259 536 in
1275 480 1397 539 saxonia
1415 483 1556 554 iecerunt,
1587 484 1766 558 multamque

61 565 289 624 hlbiaessunrinis
301 565 478 635 incolebant,
492 581 555 622 cum
565 565 706 622 uxoribus
716 569 745 620 et
757 563 887 635 parvulis
944 565 1062 636 predam
1081 568 1275 626 abduxerunt.

63 655 217 712 transtulit
233 659 261 711 et
273 656 327 712 huc
343 659 430 725 atquo
443 655 511 712 illuc
529 670 580 726 per
592 653 711 709 Galliam
728 659 756 708 et
773 654 889 709 Germa·
979 655 1071 723 lgitur
1084 661 1168 728 pater
1179 657 1224 691 ¹²³⁶
1237 659 1338 730 patriae
1354 675 1535 734 magnusque
1554 663 1613 719 dux
1635 663 1703 720 Otto
1718 663 1766 722 de·

60 745 136 802 niam
154 744 325 801 multimoda
350 745 493 801 diuisione
520 743 686 810 distribuit;
701 745 887 811 tractumque
944 743 1072 813 iunctus,
1091 745 1199 802 illustri
1214 752 1242 802 ct
1259 749 1411 818 magnifico
1430 749 1487 807 Filio
1503 767 1556 809 suo
1573 752 1708 810 lleinrico
1724 758 1767 809 to·

61 849 113 907 per
125 839 169 890 tot
181 849 273 890 annos
282 834 389 890 bellum
402 848 434 889 ea
443 832 610 888 conditione
624 835 739 888 constat
752 845 816 886 csso
827 829 887 883 lini·
942 831 1002 887 tius
1014 832 1144 892 Sauoniaa
1156 836 1294 893 ducatum
1307 837 1436 909 reliquit.
1445 841 1503 895 ilex
1513 855 1609 896 aunem
1622 841 1767 899 chuonra-

62 925 133 989 lum,
150 926 192 992 ut,
209 923 324 992 abjecto
342 923 504 978 daemonum
521 920 612 989 cultu,
632 919 804 976 Christianae
822 917 888 972 reli·
943 918 1082 988 duacum
1095 938 1164 994 sepe
1176 927 1432 996 expertusiuissct
1445 928 1584 985 virtutem
1597 929 1765 1000 noviducis,

60 1010 157 1081 gionis
168 1016 350 1068 sacramenta
361 1010 556 1081 susciperent.
572 1009 654 1076 Quod
667 1012 694 1064 ct
710 1009 817 1062 luctum
829 1010 884 1060 cst.
943 1007 1108 1065 ucritnsest
1119 1009 1338 1070 oieommitterc
1351 1030 1462 1071 onmem
1476 1019 1654 1086 potestatem
1662 1016 1764 1086 patris.

60 1094 887 1170 Witihintquoquc,quiintereosctclaritategenerisct
943 1094 1005 1159 Quo
1022 1095 1188 1155 factumest
1206 1103 1237 1156 ut
1265 1102 1449 1159 offensionem
1481 1104 1645 1160 incurreret
1676 1105 1767 1161 totius

60 1208 148 1265 opum
163 1187 353 1260 amplitudine
366 1188 521 1257 eminebat,
533 1193 560 1242 ct
578 1188 624 1257 qui
638 1184 766 1256 pertidia
786 1197 887 1238 corum
943 1184 1091 1240 exereitus
1108 1188 1251 1245 saxonici.
1271 1190 1397 1256 Quorum
1414 1193 1525 1250 uultum
1540 1208 1608 1262 erga
1624 1207 1656 1249 se
1670 1198 1767 1249 auste-

61 1287 166 1339 auctor
180 1283 210 1335 et
223 1279 356 1334 incentor
372 1276 538 1332 indefessus
552 1280 626 1343 crat,
640 1275 675 1329 ad
693 1273 776 1328 tidem
792 1270 886 1326 llaroli
944 1272 1049 1328 rictam
1062 1289 1111 1328 rex
1124 1291 1256 1345 cerneus,
1270 1295 1322 1335 nec
1333 1281 1434 1338 ducem
1446 1297 1546 1340 eorum
1559 1282 1677 1354 publico
1689 1282 1766 1338 bello

60 1375 165 1444 sponte
177 1368 308 1436 veniens,
322 1367 397 1437 apud
411 1366 556 1420 liniacum
571 1364 738 1433 baptizatus
752 1367 779 1415 ot
791 1375 805 1415 a
818 1374 888 1430 roge
944 1377 975 1417 sc
988 1378 1072 1432 posse
1083 1370 1237 1423 conterere
1250 1384 1300 1438 pro
1314 1369 1462 1426 innumera
1475 1372 1624 1428 exercilus
1635 1370 1768 1427 multitu·

61 1461 97 1517 do
115 1461 193 1515 lbnte
208 1459 363 1526 susceptus
378 1459 441 1517 cst;
460 1454 559 1523 sicque
581 1450 704 1506 Saxonis
723 1454 782 1505 totu
804 1463 888 1519 supe·
944 1450 1009 1505 dino
1021 1454 1768 1529 perpendrnaegitutquoquomonoipiepficepetflp

63 1552 167 1605 rataet
183 1545 315 1615 sthecta
341 1549 396 1599 cst.
425 1543 514 1613 llujus
541 1539 689 1596 lFitihindi
717 1537 793 1593 tilius
814 1537 888 1606 wig·
944 1537 1020 1609 dolo,
1038 1541 1073 1595 aul
1090 1541 1143 1598 boe
1161 1545 1279 1614 babens,
1298 1551 1328 1601 ut
1355 1548 1456 1618 iortur,
1484 1548 1606 1604 maxime
1631 1547 1766 1604 idoneum

64 1640 180 1706 bertus,
193 1633 364 1691 Christianae
375 1631 526 1701 religionis
538 1629 636 1685 cultor
650 1629 783 1697 ulevotus,
798 1626 887 1699 silium
945 1627 1768 1706 llogontinasediscpiscopum,nominollattonenr,cnjns

63 1723 242 1799 procreavit,
256 1737 340 1793 quem
359 1720 553 1775 waltbertum
565 1717 697 1784 sulcarim
714 1716 762 1787 qni
779 1718 807 1770 ct
824 1714 888 1785 ipse
904 1754 930 1813 B
945 1716 1067 1774 consilio
1079 1720 1765 1796 ethdolhcrtusbabenbergensisdeceptusest.

60 1816 97 1872 ah
108 1813 229 1871 infantia
243 1811 406 1881 religiosae,
420 1825 484 1865 cunr
500 1809 594 1864 lactus
610 1812 690 1863 cssct
701 1806 754 1874 uir,
771 1806 888 1859 Rolnam
945 1804 996 1859 llic
1013 1807 1175 1877 predictum
1190 1811 1292 1868 duceni
1309 1828 1447 1882 agressus
1462 1813 1538 1881 dolo,
1557 1815 1625 1870 iecit
1640 1814 1665 1869 ci
1682 1813 1769 1868 labri·

60 1920 150 1962 causa
167 1901 308 1959 orationis
324 1904 352 1956 et
371 1898 560 1969 reliquiarum
587 1896 832 1967 acquirendarum
851 1897 891 1946 lo·
946 1894 1006 1950 cari
1018 1899 1767 1971 torquemauream,etinvitauiteunradconvivium,

61 1992 156 2049 tendit
167 1990 222 2060 ¹²³⁵,
236 2003 403 2061 corpusque
415 1987 509 2043 sancti
529 1983 757 2054 hlcxand1·i‚srlii
780 1984 891 2038 sanctae
947 1996 1003 2050 quo
1021 1986 1131 2053 magnis
1146 1988 1181 2042 ab
1196 2003 1231 2044 eo
1250 1991 1418 2047 nppnfflqpps
1434 1992 1638 2047 honoraretur.
1655 1992 1768 2046 patema

62 2080 234 2149 Felicitatis,
244 2079 389 2148 integrum
402 2075 572 2147 accipiensa
583 2089 654 2145 papa
670 2076 739 2129 tnnc
749 2068 892 2141 temporis
947 2073 1077 2140 pontifex
1088 2077 1398 2151 considerandioperis
1408 2080 1502 2150 gratia
1516 2081 1665 2150 ingressus
1677 2079 1769 2135 adau-

62 2171 168 2239 Leonc,
195 2169 222 2224 in
243 2167 393 2223 Saxoniam
409 2164 516 2220 deturlit
539 2170 568 2219 et
591 2162 619 2218 in
635 2162 701 2218 loco
718 2160 766 2232 qui
783 2158 893 2214 dicitur
947 2158 1067 2230 rihcenr,
1081 2165 1202 2235 visaque
1215 2172 1328 2239 utrque,
1344 2166 1769 2239 seppupjngpfflqusggemitus

60 2256 334 2327 Wibaltingohuson
352 2253 470 2309 locarit.
947 2260 1064 2303 cansam
1075 2267 1140 2308 cum
1155 2256 1266 2311 auriies
1278 2258 1462 2328 requisisset,
1477 2259 1626 2329 respondit
1640 2257 1706 2327 quia
1720 2271 1770 2325 np-

97 2349 139 2404 Ex
154 2344 285 2415 ejusdcm
302 2342 451 2399 Saxonicac
463 2340 561 2411 gentis
574 2339 670 2412 stirpe
684 2339 728 2394 vir
744 2334 890 2421 nobiliscl
946 2335 1008 2391 timi
1027 2339 1139 2411 sibique
1153 2346 1297 2400 carissimi
1316 2346 1380 2416 viri,
1398 2347 1508 2403 scilicet
1528 2345 1654 2403 lleinrlci
1675 2343 1768 2413 ducis,

63 2433 289 2509 permagnificus
304 2437 350 2487 est
364 2444 514 2499 egressus,
533 2428 649 2484 nomine
672 2425 825 2492 Luitollns,
843 2427 891 2493 ι’μιι
947 2427 1087 2495 sanguine
1102 2434 1223 2502 torques
1240 2433 1288 2489 illa
1304 2435 1424 2490 deberet
1439 2435 1573 2505 intingui.
1589 2434 1707 2491 hurilcx
1721 2446 1770 2488 au·

65 2534 95 2582 et
110 2526 171 2597 ipsc
183 2521 334 2592 religionis
346 2520 440 2590 gratia
452 2520 570 2574 Romam
585 2516 744 2588 proiectus,
754 2513 830 2570 beati
844 2527 891 2584 pa·
946 2511 1004 2569 dita
1017 2517 1134 2575 silentio
1146 2522 1229 2592 texit,
1238 2527 1267 2578 et
1279 2539 1368 2593 opere
1380 2524 1512 2595 perlecto
1524 2540 1557 2580 ac
1569 2523 1693 2592 reddito,
1704 2521 1771 2576 mis.

68 2606 641 2687 paelunoccntiireliquiasindcaddusit.
653 2601 888 2676 (illimatbsqq.)
945 2600 1053 2660 sionem
1072 2610 1156 2679 petiit
1171 2616 1201 2668 ot
1218 2612 1348 2682 accepit;
1365 2613 1544 2684 obviansque
1557 2613 1623 2670 duci
1639 2613 1719 2670 eunti
1733 2607 1768 2666 nd

70 2705 121 2760 llic
138 2701 239 2759 habuit
257 2700 333 2754 filios
344 2699 426 2766 duos,
440 2700 602 2752 Prrrrronem
615 2697 644 2750 et
656 2696 806 2759 Ottononr;
820 2708 889 2762 quo·
944 2708 976 2748 ca
993 2699 1118 2767 negotia,
1133 2700 1270 2757 indicauit
1283 2703 1308 2758 ei
1325 2717 1388 2772 quae
1401 2703 1522 2760 audiuit.
1537 2705 1602 2774 lpse
1615 2709 1713 2760 autem
1726 2718 1771 2759 ue·

66 2808 130 2849 rum
148 2791 241 2860 major
253 2790 338 2856 Brun,
350 2803 414 2843 cunr
432 2786 523 2841 totius
539 2785 669 2840 Saxoniae
682 2783 817 2839 ducatum
833 2795 889 2834 am-
944 2783 1095 2841 hemcntcr
1112 2789 1203 2847 iratus
1220 2796 1303 2847 vocat
1320 2791 1448 2862 legatum
1467 2792 1633 2863 pontificis,
1652 2791 1700 2862 qui
1713 2791 1771 2861 jam

70 2880 278 2948 ministrasset,
292 2876 451 2933 exercitum
465 2878 565 2931 contra
576 2877 671 2929 banos
685 2872 778 2942 duxit,
792 2871 889 2941 ibique
945 2874 1057 2945 pridem
1074 2876 1174 2934 aderat
1190 2878 1331 2936 invitandi
1346 2894 1411 2936 eum
1426 2880 1532 2950 gratia,
1551 2883 1580 2936 el
1593 2881 1631 2936 ait
1651 2900 1656 2935 :
1681 2880 1768 2950 Vade,

69 2969 195 3038 occisus,
214 2968 351 3023 ducatum
365 2965 447 3019 tratri
459 2964 556 3020 Ottoni
569 2962 698 3033 reliquit.
712 2962 761 3018 llis
772 2965 834 3016 erat
846 2975 891 3016 so·
946 2964 1335 3039 cteaattouupumourtus
1346 2969 1772 3041 celtumnenperttlreturteus

69 3075 118 3116 ror
130 3056 243 3114 noritine
254 3055 395 3123 luitgart,
411 3068 495 3123 quam
509 3052 681 3109 Lndewicus
692 3066 741 3106 rex
752 3050 829 3107 filius
840 3053 891 3106 hr—
946 3053 1772 3127 quanuaoellertus,etqrrtumettusreticemuscomase-

68 3147 136 3206 nolti
151 3143 346 3217 imperatoris,
360 3157 477 3199 uxorem
491 3141 643 3211 duxit‚sed
653 3155 710 3196 non
722 3139 771 3196 diu
789 3142 891 3211 postea
907 3109 931 3170 C
947 3141 1014 3198 dere
1028 3143 1059 3198 et
1070 3143 1105 3199 dc
1120 3145 1184 3216 ejus
1198 3147 1325 3203 seroict’e
1355 3146 1495 3215 tractare,
1511 3160 1603 3217 prtem
1616 3145 1773 3202 comatur-ru

70 3236 154 3292 uixit.
173 3233 254 3300 Quod
280 3233 342 3289 siue
368 3231 436 3287 tiliis
454 3235 579 3299 mortno,
607 3229 701 3286 omnis
717 3230 891 3284 Francorum

72 3326 275 3394 saxonumque
300 3321 425 3393 populus
440 3319 533 3377 uoluit
549 3319 647 3375 Ottoni
678 3317 744 3374 duci
761 3317 892 3372 diadema

70 3416 221 3486 imponere
247 3412 339 3482 regni.
367 3409 449 3476 Quod
466 3425 531 3465 cum
560 3409 609 3464 ille
628 3407 782 3479 quasiJ'um
811 3405 892 3462 senio

71 3502 188 3575 grauior
203 3503 367 3570 recusaret,
378 3498 442 3568 cius
454 3498 590 3555 consultu
602 3496 794 3554 chuonradus
810 3496 895 3550 Fran·

70 3609 170 3651 corum
190 3591 248 3648 dux
262 3589 379 3660 ungitur
391 3588 418 3644 in
431 3603 539 3659 rogem,
550 3602 662 3645 summa
672 3593 766 3642 tamen
780 3599 895 3658 semper

71 3687 101 3738 et
117 3680 225 3752 ubique
255 3679 309 3734 suit
334 3693 422 3749 penca
452 3678 596 3732 Ottonem.
620 3678 711 3732 Natus
739 3677 895 3731 astantem

71 3770 167 3826 eidem
194 3766 295 3823 Ottoni
317 3766 394 3821 silius
411 3765 524 3821 nonrine
540 3765 701 3836 lleinricus,
720 3765 767 3834 qui
785 3763 896 3835 primus

73 3858 165 3914 libera
190 3859 336 3928 potestate
352 3855 486 3924 regnauit
505 3853 532 3908 iu
557 3854 691 3910 saxonia.
717 3851 770 3919 Qui
787 3866 851 3906 curn
868 3851 896 3905 in

74 3946 203 4019 primeva
217 3948 304 4000 aetate
320 3943 395 3999 omni
421 3943 564 3999 uir‘tutum
589 3956 697 4012 genere
712 3939 801 3996 vitam
817 3953 897 3996 suam

73 4032 519 4104 exornaret,paterejusvidens
537 4027 898 4101 prudentiamadolesccn·

75 4118 285 4193 tis,reliquitei
298 4121 459 4177 exercitum
475 4118 899 4188 adversusbalmantiam,eon·

76 4211 283 4284 tcaquamipse
300 4209 502 4267 diunrilitauit.
521 4206 898 4279 balmantiiueroimpctum

76 4297 899 4369 illiusierrenonvalentes,conduxernntaduersuseum

79 4392 200 4458 Avares,
211 4402 284 4459 quos
295 4388 380 4444 modo
397 4377 533 4445 vocamus
552 4386 704 4456 Ungarios,
718 4386 777 4458 qui,
794 4390 825 4441 ut
840 4382 901 4454 qui·

947 3232 1044 3288 1111111
1054 3233 1248 3292 multitudine
1257 3249 1321 3291 eoru
1329 3248 1468 3305 procare.
1481 3237 1514 3290 m
1526 3233 1624 3291 statim
1638 3247 1773 3290 reversus

949 3320 1044 3374 omnia
1061 3335 1126 3391 que
1140 3321 1215 3391 juris
1241 3322 1335 3393 ipsius
1351 3326 1435 3379 erant
1451 3323 1479 3380 in
1496 3322 1571 3380 omni
1590 3322 1711 3378 Saxonia
1728 3320 1772 3378 uel

948 3407 1103 3478 Thuringia
1127 3410 1297 3482 occupavit;
1316 3411 1514 3468 burchardum
1530 3426 1646 3483 quoque
1661 3415 1690 3468 et
1708 3410 1774 3466 bar·

950 3495 1063 3568 donem,
1083 3513 1205 3568 quorum
1221 3499 1297 3556 alter
1312 3514 1402 3570 gener
1429 3501 1508 3571 regis
1524 3505 1598 3570 erat,
1615 3501 1643 3557 in
1660 3503 1773 3556 tantum

950 3586 1061 3656 afflixit,
1079 3593 1109 3643 ut
1125 3591 1205 3643 terra
1230 3589 1369 3645 cederent
1393 3603 1553 3660 eorumque
1569 3587 1774 3660 possessiones

952 3676 1013 3748 ipse
1026 3676 1167 3733 militibus
1180 3677 1242 3734 suis
1254 3682 1331 3734 totas
1342 3677 1497 3735 divideret.
1511 3680 1702 3735 llattoautern
1714 3675 1773 3750 epi-

951 3779 1059 3837 scopus
1075 3766 1177 3823 uidens
1193 3767 1254 3822 suis
1269 3765 1482 3824 calliditatibus
1497 3766 1580 3823 linem
1597 3766 1772 3838 impositum,

953 3852 1214 3911 nimiatristiciaac
1224 3857 1323 3912 morbo
1332 3855 1506 3926 paritornon
1518 3855 1700 3927 postmultos
1712 3854 1775 3912 dies

952 3941 1115 4012 coniectus,
1128 3942 1251 3998 interiit.
1264 3945 1392 4000 Fuerunt
1401 3944 1488 4001 etiam
1499 3944 1547 4014 qui
1558 3944 1698 4012 dicerent,
1708 3941 1774 4014 quia

954 4027 1073 4086 fulmine
1097 4032 1193 4085 taetus
1215 4032 1337 4102 eiusque
1368 4031 1427 4087 ictu
1444 4031 1616 4102 dissolutus,
1636 4037 1701 4103 post
1716 4036 1775 4086 ter·

953 4117 1027 4173 cium
1041 4116 1115 4173 diem
1127 4118 1290 4175 deiecisset.
1300 4120 1463 4176 llcxautem
1476 4119 1554 4176 misit
1565 4121 1683 4176 tratrem
1692 4132 1776 4176 suum

954 4206 1153 4262 Eberhardnm
1171 4222 1235 4263 cum
1260 4208 1393 4265 exercitu
1409 4209 1444 4265 ad
1461 4207 1670 4266 devastandam
1689 4208 1777 4262 Saxo·

956 4293 1041 4350 niam.
1060 4294 1113 4360 Qui
1129 4295 1306 4367 appropians
1318 4297 1383 4353 urbi
1396 4311 1460 4367 quae
1476 4296 1586 4353 dicitur
1597 4296 1775 4365 ilercsburg,

956 4385 1092 4455 superbe,
1110 4387 1139 4439 ut
1162 4383 1293 4453 tradunt,
1315 4383 1432 4441 locutus
1447 4388 1502 4453 est,
1530 4383 1607 4455 quod
1623 4382 1703 4440 nulla
1719 4381 1778 4439 sibi

78 4479 144 4536 dam
161 4482 275 4550 putant,
300 4477 433 4548 reliquia
462 4483 530 4535 sunt
559 4478 717 4546 llunorum,
750 4474 808 4545 qui,
828 4477 859 4529 ut
873 4471 901 4527 in
916 4467 942 4527 D
957 4488 1026 4529 cura
1040 4471 1130 4542 rnajm
1141 4476 1231 4542 esset,
1243 4488 1327 4543 quam
1344 4473 1422 4544 qued
1436 4476 1626 4545 Saxonospro
1639 4469 1730 4528 muris
1747 4484 1777 4528 se

78 4566 237 4624 Gothorum
252 4567 361 4638 legitur
372 4567 511 4638 hystoria,
528 4565 640 4637 egressi
657 4581 672 4621 u
685 4564 796 4634 Gothis,
810 4561 901 4618 multa

80 4655 154 4712 mala
170 4655 333 4727 inserebant
348 4656 485 4724 gentihus
503 4655 645 4725 hrritimis,
666 4669 738 4725 quos
754 4656 902 4724 postremo

79 4743 256 4801 Pannoniam
285 4742 482 4799 inhabitantes
498 4744 622 4800 liarolus
646 4744 765 4813 hlagnus
782 4741 901 4812 devicit,

80 4837 121 4900 et,
140 4835 169 4887 nt
187 4829 306 4901 dicitur,
323 4845 338 4886 a
363 4837 504 4888 consueta
519 4836 650 4902 gentium
677 4829 904 4902 depopulatione

81 4919 192 4990 ingenti
202 4918 495 4977 vallecircuurclnsos
508 4919 757 4991 prohibuit;quod
769 4934 843 4989 opus
855 4920 905 4974 hr-

81 5007 179 5065 nollus
195 5006 353 5079 imperator
369 5008 527 5080 destruxit,
544 5022 653 5078 cosque
665 5012 765 5063 contra
783 5007 905 5064 Zucnte·

79 5093 903 5166 Voldumllarauarornnrregeminarixiliumsibieduxit.

82 5182 137 5251 Qui
148 5183 252 5241 deinde
266 5189 403 5254 quantuni
424 5189 551 5254 stragem
564 5187 759 5253 quamtamque
772 5182 906 5252 injuriam

83 5274 259 5329 Francorum
272 5272 500 5342 ragnosocermt
517 5273 602 5328 urbes
617 5285 649 5326 ac
663 5271 796 5340 regiones
812 5271 907 5327 adhuc

957 4562 1113 4619 ostendere
1129 4576 1184 4617 non
1197 4562 1350 4632 auderent,
1369 4577 1424 4634 quo
1440 4578 1504 4619 cum
1519 4562 1562 4619 eis
1574 4562 1713 4619 dimicare
1733 4575 1781 4632 po

960 4651 1073 4708 luisset.
1083 4650 1184 4707 Adhuc
1195 4665 1289 4708 sermo
1301 4652 1328 4707 in
1340 4667 1390 4709 ore
1402 4651 1480 4710 illius
1491 4655 1603 4722 erat,et
1615 4665 1684 4708 ecce
1697 4651 1782 4708 Saxo·

958 4754 1010 4796 nes
1026 4738 1052 4796 ei
1067 4744 1260 4797 occurrerunt
1278 4739 1401 4796 miliario
1419 4756 1474 4797 uno
1495 4741 1531 4796 ab
1547 4739 1634 4805 urbe;
1650 4738 1781 4810 initoque

959 4829 1129 4900 certamine,
1140 4829 1298 4885 tantacede
1310 4828 1411 4886 Franci
1422 4826 1781 4886 multatisuntutamimis

960 4918 1184 4989 declamaretur,
1201 4919 1250 4974 ubi
1271 4923 1371 4975 tantus
1398 4916 1448 4973 ille
1463 4916 1595 4973 internus
1623 4918 1715 4987 esset,
1732 4915 1780 4986 qui

961 5010 1070 5062 tantam
1086 5021 1226 5063 caesorum
1244 5004 1461 5062 multitudinem
1471 5018 1578 5076 capere
1589 5007 1699 5076 posset.
1718 5006 1784 5060 Fra-

963 5099 1112 5151 terantem
1129 5094 1236 5164 regisa
1258 5094 1363 5152 timore
1391 5093 1530 5151 absentia
1546 5094 1689 5150 Saxonum
1714 5092 1785 5150 libc-

962 5186 1109 5252 ratusest,
1124 5182 1189 5252 qnia
1201 5197 1251 5237 cos
1263 5185 1291 5236 et
1304 5185 1458 5253 presentes
1466 5181 1539 5237 vidit
1550 5187 1580 5238 ot
1591 5184 1627 5239 ah
1639 5180 1713 5254 ipsis
1726 5187 1786 5237 tur-

963 5271 1040 5342 piter
1070 5271 1185 5338 fugatus
1201 5268 1346 5326 discessit.
1378 5269 1506 5327 Audiens
1519 5275 1615 5326 autem
1638 5263 1695 5327 ¹rou
1712 5269 1785 5325 male

761 5395 878 5449 VthAE
907 5394 1108 5450 LECTth'ES.

122 5490 167 5524 ¹¹⁸⁵
182 5493 394 5573 llum'tetendit
412 5495 471 5551 loco
486 5508 564 5551 ruso.
606 5490 651 5573 ¹²³}
668 5495 949 5620 patre-magnoaco
964 5491 1038 5548 duco
1055 5493 1163 5547 Ottone
1178 5489 1326 5560 defuncto,
1343 5490 1458 5548 illuster
1474 5496 1503 5548 et
1520 5493 1692 5565 magnificus
1710 5487 1793 5550 htins'

85 5575 159 5621 suus
173 5564 503 5624 hanricus-ducatum
519 5563 687 5635 (susceprt‘t)
703 5574 778 5621 corr.
796 5562 831 5619 ut
844 5562 892 5619 edt
915 5577 956 5622 tm
970 5563 1015 5620 est
1027 5565 1056 5618 l.
