3788 5992
58 240 136 308 uras
510 221 1307 322 cnsrumnvunonuu.-courmuamo
1678 245 1755 314 arra

56 381 405 454 pernecessariarum
415 383 588 444 adolescens
599 388 719 445 circiter
729 387 775 424 4444
786 403 877 446 annos
892 395 917 453 Α
934 390 1079 460 quoddam
1096 390 1295 462 memorabile,
1309 390 1355 448 cui
1377 403 1421 448 me
1435 387 1481 424 4444
1496 387 1620 461 contigit
1635 387 1756 445 interes·

55 472 877 548 lomicomrrrittitur,utet⁸⁸⁰⁴reanumsiraprrrrlcntia³‘⁰⁸
934 494 965 534 sc
980 478 1036 546 4444,
1053 479 1172 537 debeam
1190 481 1350 536 declarare.

57 559 229 633 disponeret
239 567 267 618 et
280 563 416 618 heredem
438 564 517 633 regni
531 580 641 620 moruur
655 580 774 622 suarum
791 567 878 624 boue·
969 567 1011 622 20.
1032 568 1121 623 lvodii
1137 568 1193 637 4444,
1210 568 1286 638 qrrod
1302 568 1461 624 trevericae
1478 566 1604 623 diocesis
1619 563 1756 638 appendi·

56 653 133 706 state
147 654 177 706 et
194 650 360 722 disciplina,
374 665 429 723 qua
441 651 503 724 ipse
516 667 575 723 prae
591 654 725 710 omnibus
737 654 876 726 pollebat,
934 655 1010 711 cium
1022 661 1077 725 est,
1088 657 1206 712 luerunt
1221 669 1255 711 eo
1272 662 1403 727 tempore
1415 654 1547 723 heretici,
1562 655 1608 724 qui
1622 653 1756 709 substan·

57 736 238 807 informaret,
252 754 405 811 quousque
421 741 447 796 in
464 741 557 798 virum
576 743 736 813 perlectum
751 747 879 801 catalect
933 743 1006 799 ciam
1023 744 1105 814 pauis
1118 748 1147 798 et
1171 743 1241 812 vini,
1260 758 1322 812 quac
1345 743 1371 797 in
1398 742 1482 798 altari
1509 756 1561 813 per
1585 738 1756 797 sacerdotes

58 827 201 897 supientia
217 829 360 885 educatus
375 831 571 887 succrevisset
595 830 649 885 4444.
668 831 758 897 Quem
782 847 881 889 susce·
936 830 1128 899 benedicitur,
1142 830 1167 884 iu
1180 845 1288 900 curatus
1301 830 1408 886 Christi
1422 835 1451 885 ct
1468 828 1637 898 sanguinem
1651 824 1698 860 4444
1708 839 1757 883 vc·

60 920 139 984 ptum
152 916 472 988 tamdiueducavit³⁴⁰⁷,
484 920 651 990 usquedum
666 919 879 989 dualitertillv,
937 919 1045 974 raciter
1059 919 1247 975 transmutari
1264 920 1419 988 negabant.
1437 932 1490 974 nec
1506 914 1641 987 baptismi
1658 928 1768 972 sacra«

56 1005 127 1060 tuuc
142 1005 309 1061 cancellarii
328 1013 427 1076 postea
441 1005 488 1041 4444
503 1022 572 1064 vcro
600 1009 810 1077 llogontiensis
834 1009 881 1046 4444
938 1012 1063 1063 mentum
1077 1007 1249 1078 purvulisud
1257 1006 1450 1064 salvacionem
1460 1005 1600 1077 prolicere
1608 1004 1754 1074 dicebaut,

59 1093 199 1165 episcopi,
210 1095 442 1151 detractionibus
453 1101 655 1167 exasperatus,
669 1099 788 1167 regulet
800 1099 882 1155 luere·
936 1101 965 1150 ct
980 1095 1035 1150 alia
1053 1094 1187 1166 perplura
1204 1096 1276 1151 varii
1292 1095 1338 1128 4444
1353 1092 1685 1166 prosstcbantnrerroris
1700 1089 1756 1161 4444,

58 1180 104 1236 dis
116 1182 327 1251 providentiam
339 1185 511 1253 proceribus
523 1186 748 1257 reconsignavit.
760 1187 881 1254 erantec
937 1197 1000 1253 quiae
1018 1185 1162 1240 nrcrrmriae
1176 1185 1295 1240 tradere
1311 1184 1391 1238 aclas
1407 1183 1485 1239 duxi.
1504 1183 1542 1237 ne
1557 1181 1602 1237 bis
1618 1184 1757 1251 quattuor

59 1272 155 1323 autem
171 1268 290 1339 pictatis
306 1270 466 1339 exstiterit,
480 1271 584 1327 exinde
601 1273 666 1342 uuis
681 1272 726 1306 4444
742 1272 880 1343 colligere
936 1270 1026 1326 oblati
1042 1274 1108 1327 suut
1124 1272 1160 1340 ei,
1174 1285 1296 1341 quaerum
1313 1270 1369 1326 (luo
1386 1268 1552 1341 presbiteri,
1566 1267 1670 1337 reliqui
1686 1279 1756 1323 vero

60 1355 241 1426 poterit,‹1ui
258 1357 371 1412 noverit
389 1359 699 1428 qarod,qrrautumlrbct
712 1359 792 1416 ei³⁴¹¹
804 1362 881 1430 uuis·
936 1359 994 1414 darn
1009 1363 1091 1413 eruut
1109 1359 1184 1414 laici.
1204 1360 1435 1415 Perstrirerorum
1460 1356 1506 1391 4444
1530 1372 1605 1413 uuus
1628 1354 1758 1412 Fredcri·

60 1443 134 1514 piam
153 1444 292 1501 raiolestiae
307 1444 353 1478 4444
369 1446 540 1514 irrogasset,
557 1447 582 1503 si
598 1454 750 1504 revertens
768 1450 880 1505 veniam
935 1462 987 1502 cus
1001 1446 1056 1513 4444,
1067 1447 1142 1503 alter
1158 1448 1273 1503 duobus
1286 1448 1444 1503 vecabatur
1456 1446 1621 1501 nominibus
1633 1442 1758 1499 Domini·

60 1531 218 1601 postulavit
241 1532 296 1597 4444,
321 1534 456 1590 facillime
477 1536 512 1590 ad
534 1537 761 1593 misericordiam
786 1544 881 1595 rnotus
935 1551 987 1590 curs
1003 1536 1174 1591 Gauillelmus
1190 1535 1244 1596 4444.
1261 1535 1400 1592 laieorum
1418 1550 1486 1591 vero
1502 1534 1577 1590 alter
1593 1531 1756 1599 Durundus.

58 1620 191 1676 indulsit.
210 1622 289 1678 Unde
306 1623 413 1678 iactuum
430 1629 476 1679 cst
493 1629 535 1693 ut,
551 1641 616 1680 cum
632 1625 677 1659 4444
702 1627 777 1682 idem
800 1628 882 1683 ddal-
937 1621 1012 1678 alter
1037 1623 1189 1679 (licrbutur
1211 1623 1389 1678 llamelricus
1403 1621 1458 1676 4444.
1475 1622 1553 1688 QUOS
1567 1619 1612 1654 ⁸⁴³¹
1629 1618 1695 1675 (44444
1711 1616 1758 1652 ⁸⁸⁸⁸

60 1710 173 1777 bortum,
186 1711 271 1781 cujus
286 1726 373 1782 supra
388 1711 434 1744 4444
450 1713 574 1777 tuemini,
586 1714 826 1783 llegouticusium
836 1715 880 1749 4444
896 1745 922 1804 B
937 1713 1098 1768 discuteret
1116 1719 1144 1768 et
1162 1714 1259 1782 regula
1277 1713 1430 1768 christiani
1443 1711 1587 1782 dogmatis
1600 1711 1758 1779 intbuerct,

56 1798 115 1868 jam
131 1796 177 1830 4444
193 1811 285 1855 novus
296 1797 420 1869 clectus,
433 1802 470 1855 ob
483 1801 580 1857 illatas
592 1803 652 1871 regi
665 1802 879 1874 molestiusffll,
938 1801 1117 1857 Harirelricus
1132 1802 1178 1835 4444
1195 1802 1259 1870 iuga
1276 1802 1375 1872 lapsus
1392 1805 1446 1869 est,
1460 1799 1693 1855 Duraardusvcro
1710 1800 1759 1854 be·

59 1900 74 1940 a
92 1899 160 1954 rege
175 1890 281 1957 captus
301 1892 330 1943 et
355 1888 381 1942 in
408 1903 556 1945 carcerem
582 1895 727 1958 retrusus,
745 1907 799 1947 noa
815 1893 881 1949 inde
936 1893 1040 1946 etenus
1057 1890 1172 1960 quidem
1189 1905 1218 1946 se
1235 1890 1357 1946 sceleris
1374 1890 1459 1961 liujus
1476 1892 1689 1944 assentatorem
1712 1884 1758 1919 4444
1782 1946 1785 1951 ,

60 1974 143 2046 prius
157 1974 238 2030 exire
261 1974 308 2007 4444
334 1977 493 2047 potuisset,
518 1993 602 2047 quam
633 1979 697 2049 iste,
724 1982 818 2037 Rruno
842 1982 883 2036 in·
937 1992 1003 2032 cssc
1022 1977 1098 2032 ultre
1115 1978 1339 2046 contremiscet,
1354 1976 1555 2048 scddcinceps
1570 1976 1597 2029 in
1614 1989 1647 2030 ea
1663 1987 1760 2031 assen-

63 2077 158 2132 ouam,
173 2061 257 2118 iidem
270 2063 412 2131 iaciendo,
424 2081 579 2136 numquam
592 2067 672 2124 illum
685 2069 744 2138 regi
757 2067 883 2125 44445οοί-
937 2065 1052 2120 taciene
1068 2064 1144 2121 nolle
1161 2066 1331 2137 persistere,
1349 2064 1488 2120 adhibitis
1514 2063 1569 2119 sibi
1585 2061 1631 2096 4444
1646 2066 1760 2119 sancto-

59 2155 168 2219 turum,
185 2166 237 2222 pro
253 2152 316 2223 ipso
332 2167 363 2208 se
379 2153 510 2212 obsidem
527 2155 614 2223 regia
631 2157 774 2233 custodiae
790 2157 880 2213 dedit.
939 2176 1001 2216 rum
1018 2161 1150 2231 reliquiis
1163 2162 1328 2230 juramento
1345 2160 1443 2216 vcrbis
1464 2158 1549 2215 iidem
1575 2159 1653 2215 iecit.
1669 2160 1759 2214 Voca-

61 2239 134 2305 Quid
147 2239 354 2297 multismoror
365 2241 427 2296 44444
439 2243 566 2313 Denique
577 2260 642 2299 cum
654 2247 734 2300 tanta
747 2246 881 2302 sollercia
939 2255 987 2305 tus
1003 2255 1098 2305 autem
1114 2248 1159 2282 4444
1176 2250 1252 2304 alter
1268 2250 1497 2320 presbiterorum
1519 2247 1693 2303 Frcdcricus
1714 2243 1760 2279 4444

60 2343 93 2383 ac
110 2327 180 2398 sapi.
194 2328 254 2383 utia
269 2330 304 2384 ab
321 2330 385 2401 ipse
401 2346 448 2386 res
465 2336 527 2387 acta
542 2336 597 2394 cst,
612 2337 642 2387 ut
658 2349 722 2388 cum
741 2334 767 2388 iu
780 2334 884 2392 diebus
939 2339 973 2393 ad
1002 2338 1189 2400 arrrlieut'am,
1221 2352 1275 2392 non
1303 2337 1396 2391 sulum
1424 2351 1479 2391 uon
1505 2336 1632 2404 negavit,
1658 2349 1758 2390 verum

59 2416 118 2472 illis
135 2414 170 2471 dc
186 2417 344 2473 venalitate
372 2426 481 2475 sunctae
496 2419 629 2476 ecclesia
643 2419 699 2490 4444,
717 2422 832 2478 scilicet
848 2423 883 2479 dc
938 2426 1025 2481 etiam
1044 2428 1115 2481 liene
1131 2431 1160 2481 et
1175 2431 1254 2481 recte
1270 2442 1298 2480 se
1314 2426 1435 2481 credere
1452 2425 1479 2479 id
1495 2422 1658 2496 prodteudo
1684 2436 1761 2477 assc-

58 2503 295 2559 contradictione
311 2504 493 2561 vendicionis
509 2506 731 2576 episcopaturum
748 2509 883 2565 abbacia·
940 2514 1006 2571 ruit.
1020 2514 1069 2570 Cui
1084 2516 1177 2569 ltruuo
1188 2516 1343 2585 episopus
1359 2515 1383 2568 ai
1390 2520 1417 2569 t:
1434 2512 1600 2584 Oportebat,
1610 2512 1646 2568 ut
1655 2511 1697 2581 tu,
1707 2511 1761 2581 qui

61 2606 123 2647 444444
140 2595 167 2646 44
186 2591 308 2647 4444444444
329 2606 577 2663 4144444444444145
601 2593 646 2627 4444
667 2594 884 2653 ecelesiastica·
938 2602 1182 2671 dacter·‚,idclirran
1193 2616 1254 2657 esse
1264 2600 1310 2633 4444
1321 2600 1461 2669 (terruisti,
1474 2614 1580 2657 sunnin
1595 2599 1761 2655 doctricem

61 2694 124 2735 rum
141 2679 327 2751 dignitatum,
344 2682 420 2735 iuter
437 2696 556 2751 reguum
572 2686 601 2738 et
621 2683 828 2756 sacerdotium,
846 2686 883 2741 si·
938 2676 1052 2746 retractis
1064 2689 1292 2761 rrcrrpelirnrus,
1306 2689 1442 2745 oriritlcns
1460 2686 1653 2759 vnsideliiciis
1664 2692 1768 2743 nsum

60 2772 110 2824 cut
122 2768 268 2837 superiori
280 2782 412 2824 sernaoue
424 2769 469 2802 4444
480 2769 633 2827 decursum
646 2775 692 2826 est
704 2772 776 2842 (buu,
785 2787 884 2842 agere-
939 2780 1047 2847 eineres,
1056 2777 1140 2833 in⁸⁸³⁹
1151 2778 1259 2847 quirius
1270 2779 1391 2834 tarentini
1406 2779 1433 2833 te
1448 2777 1562 2833 ruriciis
1576 2773 1761 2833 credentibus

61 2861 110 2912 trrr
127 2855 172 2891 4444
188 2856 330 2913 invidiosa
357 2857 514 2928 dissensio,
540 2859 579 2914 itu
605 2862 815 2919 catholicorum
838 2861 883 2896 4444
938 2865 984 2898 4444
994 2866 1057 2923 truce
1067 2867 1181 2923 clarius
1191 2864 1372 2934 5555554444,
1385 2880 1449 2922 eum
1461 2864 1563 2921 tect-ns
1574 2856 1761 2934 Aucustinus

63 2943 215 3016 amplexus
231 2949 277 3000 cst
297 2943 343 2977 4444
356 2946 551 3017 consorcium,
569 2953 600 3004 ut
617 2950 786 3021 imperatori
805 2951 884 3007 debi-
939 2955 1039 3011 ilirrct:
1054 2978 1066 3001 «
1079 2955 1223 3020 diuortium
1236 2954 1388 3010 curtatum
1400 2953 1445 2985 4444
1455 2952 1613 3023 corurisus
1625 2950 1762 3008 dentibus

61 3036 122 3089 tum
141 3048 197 3089 non
212 3033 369 3103 denegaret
394 3032 441 3067 4444
464 3036 647 3107 obsequium,
670 3054 762 3109 neque
787 3040 826 3094 ita
852 3054 883 3094 se
939 3044 1058 3112 recursi,
1071 3040 1292 3112 ccirritiuse³⁴⁶³
1305 3042 1445 3098 Uiriatus
1457 3041 1536 3097 breare
1545 3053 1655 3111 pannem
1669 3037 1763 3095 uilloc

61 3122 285 3178 caesarianorum
301 3124 502 3179 corurnuniouc
517 3127 770 3198 contaminaverit,
789 3135 818 3182 ut
839 3127 885 3161 4444
939 3131 1038 3185 riuum
1053 3131 1084 3185 in
1094 3128 1139 3160 4444
1149 3129 1283 3185 ruisterio
1298 3127 1345 3160 4444
1360 3142 1479 3184 curnem
1493 3140 1559 3183 cere
1573 3125 1620 3158 4444
1633 3138 1719 3182 orrum
1734 3125 1763 3180 ei

63 3208 274 3266 catholicorum
292 3210 418 3268 offensas
433 3210 478 3244 4444
502 3213 667 3270 incurreret
690 3215 745 3271 4444.
760 3218 885 3287 Propter
939 3217 1115 3286 scarparineru
1126 3216 1346 3272 corasecrutiane
1359 3215 1498 3284 Spiritus
1511 3211 1763 3282 surrctipotentic·

64 3297 141 3368 quod
156 3298 279 3367 contigit
297 3303 328 3353 ut
343 3299 501 3356 novissime
526 3299 572 3334 4444
597 3317 647 3358 sua
673 3303 809 3374 prudenti
830 3318 886 3359 me·
941 3300 1762 3372 litet·crearietcottidieprornnndiritcrnisiiceirnrno·

65 3385 884 3462 ulatione⁸⁴³⁸imperater³⁸³⁸apostoltcoobtemperaret,
942 3389 1762 3461 5555555τό55ιί5555555555555555555555555555555

64 3476 92 3530 et
110 3474 250 3545 deinceps
265 3475 435 3531 desinerent
450 3475 496 3510 4444
507 3492 574 3534 csso
586 3479 748 3536 discordes.
762 3480 843 3546 Quod
855 3487 886 3536 ut
939 3494 1009 3537 curo
1019 3482 1083 3536 sine
1103 3474 1765 3548 atturreuuutur‚uupererrriaemereutrtan-

66 3563 162 3619 lacere
178 3578 235 3619 non
252 3563 412 3633 omitteret,
429 3566 564 3636 quioniam
584 3568 719 3623 ommibus
736 3569 886 3639 praeprinc-
939 3569 988 3625 cin
1002 3569 1095 3639 paruis
1112 3568 1141 3623 et
1163 3568 1227 3623 rint
1247 3567 1362 3623 mistice
1383 3564 1763 3635 benedicendarum

65 3653 115 3707 bat
129 3650 175 3685 4444
189 3653 377 3722 auctoritate,
391 3652 547 3709 multorum
563 3654 766 3725 cpiscoporum
783 3657 887 3711 exlror-
940 3657 1124 3713 corasecrciur
1143 3653 1198 3708 4444.
1212 3677 1224 3704 u
1243 3658 1282 3713 In
1302 3654 1427 3726 aptarem
1448 3668 1565 3726 quoquc
1583 3650 1629 3686 4444
1648 3652 1684 3707 de
1703 3650 1765 3722 side
1834 3694 1837 3698 1

64 3741 180 3796 latoria>
202 3740 248 3774 4444
272 3741 307 3797 ad
335 3742 426 3811 ipsum
451 3740 497 3775 4444
521 3742 641 3798 directae
657 3748 724 3798 strat
740 3745 884 3816 epistolae.
940 3745 1088 3803 corbolien
1101 3745 1171 3800 itern
1188 3743 1485 3814 iectresnnunsiinus
1501 3741 1577 3798 dicit
1591 3762 1600 3798 .·
1614 3761 1627 3789 «
1640 3740 1765 3797 Firmis·

64 3830 145 3885 Nunc
175 3828 222 3863 4444
247 3835 343 3886 autem
367 3834 505 3901 superest
529 3834 559 3886 ut
583 3836 732 3900 gestorum
757 3833 819 3902 ejus
841 3831 886 3866 4444
939 3835 1014 3891 sime
1030 3833 1094 3889 tene
1107 3832 1137 3887 et
1148 3831 1323 3887 reuilutenus
1346 3830 1471 3898 dubites,
1486 3831 1628 3901 porrulos
1642 3826 1698 3897 4444,
1709 3826 1764 3898 qni

743 4002 861 4056 VdeAE
881 3999 1083 4060 LECTIONES.

99 4139 145 4173 4444
180 4140 260 4196 deest
292 4141 340 4195 Bi.
380 4136 426 4170 4444
453 4137 530 4194 circa
561 4144 586 4194 5.
618 4144 642 4193 5.
673 4141 704 4194 C.
734 4138 779 4172 4444
808 4141 896 4196 deest.
925 4141 972 4194 cd.
1002 4137 1049 4172 4444
1078 4137 1262 4210 prouidentia
1293 4142 1330 4193 54.
1361 4142 1401 4193 54.
1432 4134 1479 4168 4444
1508 4151 1529 4192 s.
1559 4140 1763 4192 succresceret

64 4211 203 4269 educauit
221 4213 279 4265 ill.
307 4209 391 4265 educ.
419 4209 500 4265 deest
525 4210 569 4264 ill.
600 4210 628 4264 C.
655 4208 700 4242 4444
723 4210 804 4265 duat
828 4213 856 4264 il.
883 4211 905 4265 l.
933 4216 958 4265 ⁸2.
985 4207 1031 4241 4444
1056 4225 1083 4264 u.
1120 4208 1154 4262 ad
1190 4208 1294 4262 alberti
1331 4208 1360 4261 lt.
1398 4212 1422 4261 l.
1455 4205 1501 4239 4444
1535 4211 1601 4277 post
1637 4210 1662 4260 5.
1694 4220 1763 4262 vero

64 4283 146 4339 deest
169 4283 207 4337 54.
234 4279 280 4314 4444
305 4279 499 4347 rarogccieusis
524 4281 571 4335 ct.
597 4279 642 4312 4444
664 4280 746 4336 deest
766 4287 790 4336 5.
817 4280 863 4314 4444
888 4281 1030 4351 quispiam
1053 4280 1078 4334 ei
1102 4279 1129 4333 s.
1154 4277 1201 4310 4444
1230 4278 1310 4333 deest
1337 4278 1356 4331 ll
1383 4283 1406 4332 l.
1445 4276 1478 4309 444
1501 4275 1691 4344 postulauerit
1719 4277 1760 4333 54.

66 4352 246 4424 postulasset
274 4352 319 4407 lli.
346 4349 391 4383 4444
412 4350 490 4406 deest
518 4351 555 4404 54.
583 4349 629 4383 4444
652 4357 718 4406 riute
742 4355 767 4406 5.
794 4349 839 4384 4444
865 4351 1144 4443 moguntiacensium
1170 4353 1194 4404 l.
1221 4347 1266 4380 4444
1291 4348 1372 4406 deest
1403 4348 1449 4402 Cb.
1483 4345 1529 4427 4444
1565 4346 1685 4416 injurias
1718 4345 1764 4402 vcl

66 4423 213 4480 molestias
237 4424 283 4477 ln.
311 4421 357 4454 4444
379 4421 460 4477 exire
486 4437 529 4492 pr.
553 4422 590 4476 54.
613 4431 633 4475 4.
658 4420 704 4454 4444
730 4437 755 4475 u.
785 4438 806 4476 r.
835 4428 860 4478 5.
887 4422 933 4454 444
958 4423 1096 4477 immoror
1118 4426 1143 4474 5.
1170 4434 1265 4474 morer·
1288 4421 1335 4473 Bi.
1365 4417 1410 4450 4444
1433 4434 1454 4473 s.
1482 4416 1569 4473 derc.
1588 4416 1766 4487 54444555-

65 4508 188 4564 rumque
202 4495 248 4549 C3.
276 4491 323 4528 444
348 4493 429 4549 deest
452 4493 471 4546 B
495 4498 520 4559 t,
545 4491 591 4524 4444
609 4493 681 4562 post
702 4493 771 4547 add.
798 4498 837 4546 uu.
862 4493 879 4548 i.
909 4493 935 4547 d.
963 4492 1070 4547 (ierunt
1091 4495 1116 4545 5.
1134 4490 1180 4522 4444
1196 4491 1234 4544 ita
1252 4491 1278 4544 in
1295 4506 1320 4545 c.
1337 4493 1376 4544 54.
1395 4487 1441 4520 4444
1455 4489 1493 4544 sit
1509 4493 1534 4544 6.
1552 4488 1597 4521 4444
1613 4487 1766 4557 denegarit

67 4566 112 4618 51.
156 4565 267 4634 negarit
305 4566 350 4619 lli.
389 4568 508 4628 ucuaaret
538 4562 584 4618 Cu.
619 4562 666 4595 4444
688 4563 770 4620 decet
799 4565 845 4619 (lb.
881 4562 927 4596 4444
959 4563 1085 4617 rrtlcusus
1117 4562 1163 4616 lta.
1189 4559 1235 4593 4444
1259 4560 1415 4616 incurrerit
1442 4565 1466 4613 5.
1495 4563 1533 4613 54.
1559 4557 1605 4591 4444
1629 4557 1711 4615 decet
1736 4561 1763 4613 5.

65 4633 111 4666 4444
128 4635 316 4690 nieditatioue
332 4637 356 4688 4.
373 4639 398 4688 5.
416 4636 463 4689 Ba.
482 4633 510 4687 C.
528 4633 653 4689 coasilio
668 4634 738 4689 uiri.
755 4635 885 4704 secundo
898 4648 1004 4689 irrorares
1022 4634 1068 4686 tn.
1086 4630 1132 4663 4444
1148 4631 1315 4702 imperatori
1333 4635 1370 4686 54.
1388 4643 1546 4700 persuasus
1561 4629 1622 4685 cdd
1635 4628 1766 4709 secundo

64 4718 171 4761 arturus
196 4706 242 4758 lli.
268 4703 314 4737 4444
338 4705 468 4758 sinerent
492 4706 530 4759 54.
554 4704 600 4737 4444
626 4705 825 4776 proeminebat
851 4710 875 4761 5.
902 4703 1135 4776 supereminebat
1160 4708 1184 4758 5.
1212 4700 1257 4734 4444
1282 4701 1450 4757 extrortarie
1477 4703 1522 4756 lli.
1549 4698 1595 4732 4444
1615 4699 1660 4754 ad.
1687 4715 1704 4752 r.
1722 4699 1767 4753 de·

64 4776 136 4834 suin
156 4779 180 4830 t.
208 4774 254 4807 4444
277 4789 300 4830 c.
329 4774 433 4828 txvtd
450 4773 547 4829 teitu.
564 4774 610 4808 4444
625 4790 650 4830 5.
669 4782 708 4830 54.
727 4782 772 4830 est
789 4775 827 4831 54.
844 4776 896 4831 ubi
911 4789 978 4830 inca
994 4774 1136 4829 mirabile.
1153 4771 1199 4805 4444
1213 4773 1294 4828 decri
1307 4773 1345 4828 54.
1363 4770 1409 4804 4444
1430 4769 1597 4826 interluisse
1613 4773 1638 4823 5.
1655 4768 1701 4803 4444
1717 4783 1766 4839 yo-

65 4847 104 4902 dii
132 4847 178 4901 BQ.
204 4843 250 4877 4444
275 4860 299 4900 c.
327 4849 356 4897 et
382 4859 404 4899 s.
432 4843 536 4899 Christi
564 4847 582 4898 5
607 4851 632 4900 42.
658 4847 687 4901 C.
714 4846 759 4878 4444
783 4847 864 4902 (tuest
888 4851 912 4901 5.
929 4849 955 4900 5.
972 4845 1153 4900 4444555555
1169 4848 1195 4897 5.
1212 4842 1258 4876 4444
1274 4857 1396 4912 quorum
1414 4842 1443 4898 C.
1460 4840 1763 4895 ⁸⁶⁶⁰trittiericusbn.

66 4917 221 4972 fridericus
236 4917 283 4969 Gt.
296 4913 342 4946 4444
352 4914 528 4982 guillielmus
545 4915 583 4969 54.
596 4915 768 4971 evillrclmus
779 4920 819 4973 54.
831 4916 987 4984 5551515553
1003 4923 1040 4970 54.
1057 4914 1235 4970 vvrrillelurus
1252 4917 1276 4970 4.
1291 4911 1485 4968 willchelmus
1497 4912 1544 4966 Bt.
1562 4908 1768 4980 guillehclmus

67 4989 114 5042 lit.
140 4986 336 5057 guuilbelrnus
359 4986 405 5040 Ct.
434 4989 459 5037 3.
486 4982 531 5017 4444
554 4984 710 5040 arrnclricus
734 4993 774 5040 54.
791 4987 836 5019 4444
862 5002 935 5057 arros
1001 4986 1181 5041 liuuelricus
1209 4984 1316 5040 desunt
1331 4985 1350 5037 u
1365 4987 1391 5037 ⁶2.
1408 4980 1455 5014 4444
1470 4996 1535 5037 cum
1549 4984 1590 5036 54.
1607 4979 1653 5014 4444
1667 4994 1766 5037 assen-

66 5058 185 5113 titorcm
201 5059 247 5111 53.
275 5059 299 5110 t.
326 5059 506 5111 assertorem
533 5055 579 5108 55.
605 5054 652 5087 4444
676 5055 792 5110 scilicet
818 5063 857 5111 54.
882 5056 928 5089 4444
946 5063 992 5112 est
1017 5057 1056 5112 54.
1082 5056 1127 5088 4444
1153 5055 1308 5110 fridericus
1333 5055 1352 5106 lt
1376 5059 1401 5107 ⁶2.
1428 5054 1458 5106 C.
1483 5064 1596 5122 serrrper
1618 5049 1665 5085 4444
1687 5049 1770 5109 acere

68 5130 134 5183 ltu.
158 5126 205 5160 4444
228 5127 255 5182 iu
281 5142 308 5196 q.
335 5126 441 5183 desunt
464 5125 503 5178 54.
529 5124 576 5157 4444
600 5124 734 5181 fidelibus
760 5131 784 5181 5.
811 5132 836 5182 5.
862 5126 907 5160 4444
925 5132 1004 5198 putet
1030 5131 1055 5181 5.
1081 5125 1160 5181 lucet
1182 5125 1291 5180 clarius
1312 5128 1337 5179 5.
1364 5121 1410 5155 4444
1433 5138 1458 5177 5.
1484 5137 1510 5177 5.
1537 5134 1562 5177 e.
1592 5122 1609 5176 l.
1627 5137 1652 5177 v.
1672 5122 1699 5178 d.
1717 5136 1766 5179 vo·

67 5198 122 5254 luit
145 5202 170 5254 o.
188 5197 234 5230 4444
253 5198 332 5254 deest
357 5200 403 5253 Cb.
430 5194 475 5228 4444
493 5196 565 5266 nost
584 5198 680 5299 sueni.
709 5199 756 5252 dt.
782 5197 828 5230 4444
851 5214 876 5253 r.
902 5197 1064 5253 uriuistcrio
1090 5198 1137 5251 52.
1162 5193 1208 5227 4444
1232 5209 1302 5251 vero
1326 5199 1365 5275 54.
1382 5193 1405 5247 4.
1422 5191 1468 5226 4444
1484 5192 1566 5249 deest
1586 5196 1611 5249 l.
1637 5191 1766 5249 ⁸⁴⁸⁸con·
1820 5234 1834 5245 ..

67 5274 201 5326 secratur
218 5269 264 5324 53.
283 5272 307 5325 i.
324 5266 370 5301 4444
385 5268 465 5325 deest
489 5267 528 5321 54.
544 5275 565 5322 0.
583 5265 616 5299 444
638 5268 707 5338 pau
720 5282 794 5324 corr.
813 5267 942 5339 parvulis
962 5271 1008 5325 Gt.
1025 5283 1049 5322 c.
1067 5283 1092 5321 v.
1111 5282 1137 5321 u.
1155 5279 1180 5321 e.
1198 5266 1215 5320 l.
1235 5265 1261 5321 d.
1278 5265 1352 5322 olurt
1367 5270 1391 5319 5.

863 5409 973 5465 uorat.

49 5607 52 5611 ,
105 5538 179 5606 ison)
196 5536 225 5590 c.
244 5538 285 5590 ro.
