3788 6000
22 126 25 132 ’
90 164 147 231 tna

565 159 747 224 auooms
768 155 945 222 nesarrs
966 108 1305 221 annmmncnusrs

1733 153 1790 219 tat

88 299 273 375 gnuderegis
284 300 435 376 ereptione
447 299 611 374 laborante,
620 300 695 362 datis
707 302 859 362 obsidibus
870 299 912 358 di·
925 286 953 354 A
969 300 1089 373 agapeti
1101 314 1187 371 anno,
1199 298 1279 372 regni
1290 297 1368 370 regis
1380 295 1556 369 Othonists,
1568 294 1708 357 ludovici
1720 310 1792 369 quo·

90 393 227 463 mittitur,
244 398 272 449 ct
290 398 447 466 susceptus
463 382 702 452 abeeTethaudo
718 394 911 451 committitur
931 406 933 410 ⁴

91 483 312 541 carnotensium
329 483 439 554 comiti,
452 490 481 541 ct
493 488 560 556 post
571 499 674 541 annum
688 499 776 552 regno
793 483 911 540 restitu-

91 579 148 632 tus.
162 573 360 631 Ludovicuset
370 573 531 630 Ottosimul
539 574 794 644 junctiltemorum
809 574 910 630 urbem

968 405 1023 461 qne
1041 396 1081 459 13,
1099 406 1187 447 eausa
1203 390 1392 446 ninximarum
1414 389 1629 446 dissensionum
1645 389 1724 444 inter
1739 389 1791 446 Lu·

967 480 1101 536 doricum
1123 494 1218 550 regem
1232 483 1262 535 et
1276 482 1424 549 llugonem
1445 479 1616 550 principem,
1640 478 1718 535 inter
1739 482 1791 536 hr-

968 569 1077 625 taldum
1094 584 1209 640 qrreque
1229 570 1397 623 tiernensem
1420 567 1671 640 arehiepiscopum
1688 573 1718 624 et
1733 570 1791 624 llu-

91 663 242 720 ohsidionc
253 662 436 731 circundant,
449 668 479 719 et
490 664 608 732 lingone
618 662 912 733 episcopotcrtioob-
965 674 1068 729 genem
1081 659 1184 715 illicite
1195 659 1387 715 substitutum
1403 658 1583 729 episcopum,
1597 673 1661 729 quae
1674 663 1790 730 pertur-

92 751 269 808 sidionisdie
279 767 343 807 curn
356 750 416 808 suis
426 766 555 819 egresso,
566 751 712 807 liebertus
723 751 911 807 Treverensis

91 846 122 898 ct
139 840 303 896 fridericus
327 838 573 908 llogunciaeensis
598 838 760 908 artaldum,
786 839 851 910 quia
869 841 911 896 sic

93 929 172 986 sedis
187 931 321 986 Romanae
338 928 498 984 aucteritas
514 928 760 999 promulgaverat,
774 929 801 984 in
814 927 911 984 sedem

94 1020 263 1076 restituunt.

131 1111 211 1164 hnno
228 1107 361 1177 sequenti
377 1106 493 1176 utrique
509 1120 593 1176 reges
611 1107 700 1177 hquis
717 1107 820 1177 pascha
837 1108 912 1163 cele·

94 1198 187 1252 brant.
215 1195 346 1265 Synodus
362 1193 535 1250 denunciata
561 1194 638 1250 eirea
664 1195 789 1251 medium
807 1196 913 1251 mensis

93 1283 262 1340 Novembris
274 1280 411 1339 virdunis
420 1286 462 1338 est
476 1282 585 1352 hahita,
597 1282 771 1354 praesidente
783 1284 912 1339 lieberto

92 1373 253 1429 Trcrircnsi
268 1388 333 1429 cum
355 1371 476 1427 Artaldo
495 1371 641 1440 Remensi,
663 1373 837 1441 berengario
854 1372 913 1427 Vir-

94 1461 227 1530 duncusi,
248 1461 383 1517 Odalrieo
405 1461 544 1531 aquensi,
567 1460 748 1517 adalberone
768 1461 910 1529 Mettensi,

94 1547 912 1617 Goelenolullensi,llildcbaudoTransrhcnensi,israele

967 750 1107 805 harerant
1123 763 1207 803 onrne
1224 762 1343 818 regnum
1359 750 1545 803 Francorum.
1564 747 1604 803 hd
1621 748 1696 803 hane
1707 763 1791 819 syno-

967 836 1033 893 dum
1058 839 1256 894 convenerunt
1282 835 1401 905 triginta
1422 835 1480 892 duo
1495 836 1625 907 episcopi
1643 836 1744 894 Galliae
1760 842 1791 894 ct

967 926 1137 994 Gerrhaniar,
1154 941 1227 994 quos
1244 925 1361 994 dignum
1382 924 1579 994 judicavimus
1595 926 1792 983 subteranno-

968 1020 1053 1070 tare:
1076 1015 1222 1069 liebertus
1243 1013 1434 1082 Trevirensis,
1460 1013 1600 1070 artaldus
1625 1015 1788 1084 liemensis,

968 1105 1039 1160 Frrd
1054 1106 1140 1160 ricus
1150 1103 1405 1172 llogonciaccnsis,
1417 1102 1578 1172 Wigiridus
1591 1103 1788 1175 coloniensis,

968 1191 1154 1247 hdaldoehus
1174 1191 1457 1260 hammaburgensis,
1480 1189 1672 1247 llildeboldus
1693 1193 1792 1248 llime·

967 1279 1238 1349 garnorrerdensis,
1249 1277 1552 1348 GoslenusTullensis,
1565 1278 1711 1335 Adalbero
1722 1280 1791 1336 ltet-

969 1369 1071 1438 tensis,
1089 1369 1281 1436 berengarius
1296 1367 1498 1434 virdunensis,
1519 1367 1676 1424 Fulbertus
1693 1368 1792 1424 Came·

968 1458 1107 1526 rurensis,
1119 1456 1476 1520 lieduliuslnudunensis,
1487 1455 1596 1512 ltichoo
1605 1458 1792 1512 Wormaeen-

969 1546 1021 1614 sie,
1037 1544 1226 1602 lleimboldus
1246 1545 1401 1617 Spirensis,
1419 1546 1519 1615 l‘oppo
1533 1544 1790 1615 wirsiburgensis,

95 1637 913 1709 Brittonrpraesentclirunoneabbateiratreregisotho-
927 1643 954 1704 Β
970 1633 1140 1691 Choaradus
1160 1632 1401 1702 constantiensis,
1423 1633 1565 1689 Oderieus
1587 1633 1791 1703 augustensis,

94 1727 148 1790 nis,
167 1726 314 1794 agorroloo
326 1730 354 1781 ct
371 1725 502 1796 odilone,
519 1742 581 1781 cirin
599 1725 664 1781 aliis
681 1725 854 1796 quibusdam
871 1741 914 1780 re·
969 1721 1794 1791 letharduslliidinehemensis,bernardushllursteden·

95 1816 275 1871 nerahilihus
291 1815 454 1871 abhatibus.
474 1816 605 1886 synodus
619 1820 714 1870 autem
730 1815 792 1871 haee
807 1816 843 1871 oh
859 1816 914 1871 hoc
970 1812 1018 1882 sis,
1032 1811 1112 1867 budo
1124 1811 1405 1880 l‘aderhrunncusis,
1418 1810 1790 1882 FarabertusTungrensis‚

43 1926 46 1933 ·
95 1904 215 1959 virduni
228 1903 401 1959 denunciata
414 1905 477 1974 luit,
489 1909 519 1959 ut
530 1903 572 1959 sic
581 1902 675 1959 saltim
686 1903 841 1959 interesset
851 1918 915 1959 eou·
970 1897 1452 1972 lioptacusbibonensislliehael
1464 1898 1705 1969 ltadisponcnsis,
1718 1898 1793 1954 bod-

96 1993 194 2049 rcntui
208 1993 411 2064 episcoporum
425 1993 564 2063 praelatus
575 1991 764 2048 l'irduncnsis
774 1993 915 2061 Brrcnga-
970 1987 1562 2057 doesnehurggeosis,Everisttindensis,
1572 1986 1793 2043 llaldrieuslra·

96 2081 168 2150 rius,
184 2081 267 2150 trojus
283 2083 362 2136 tanta
378 2086 459 2137 esset
477 2080 648 2147 auctoritas,
666 2083 696 2136 ut
712 2079 859 2151 inprobari
875 2079 915 2135 ri·
967 2076 1271 2146 ieetensis,lleroldus
1284 2074 1515 2145 saleburgensis,
1528 2075 1707 2131 hdalhertus
1724 2076 1794 2131 Baz-

89 2153 915 2240 'dcretunquodcnnstantissimaenobilitatisejusauten-
970 2166 1094 2233 secusia,
1117 2164 1315 2220 starchannus
1335 2164 1518 2234 Eisteteusis,
1541 2164 1649 2220 llorath
1673 2162 1794 2220 sleowi-

97 2257 152 2314 tica
176 2259 332 2328 praesentia
357 2273 412 2313 non
439 2259 638 2313 roboraretur.
667 2257 708 2312 nd
735 2271 819 2327 quam
836 2259 915 2323 lingo
970 2254 1076 2322 censis,
1094 2253 1266 2308 lvichardns
1288 2251 1467 2321 basiliensis,
1492 2253 1607 2309 Lieidac
1624 2253 1791 2324 Ripueusis.

96 2344 917 2416 evooatusmissisadcumdeducendumepiseopisadst·
971 2343 1032 2405 (iel.
1050 2341 1106 2413 68.)
1124 2341 1332 2397 Residentihus
1349 2340 1660 2413 ergohispreesuhhus
1676 2342 1704 2396 in
1722 2356 1795 2413 prae·

96 2433 205 2491 herone
218 2439 245 2489 et
259 2434 391 2502 Gosteuo,
408 2434 507 2492 restire
523 2432 626 2490 nolrrit.
640 2435 779 2490 Universa
791 2447 861 2489 vero
872 2449 917 2502 sy·
972 2430 1181 2487 dictaeeelesia
1194 2433 1261 2502 pest
1274 2430 1441 2500 premissas
1454 2429 1796 2501 precessecundumeon·

97 2523 190 2580 nodus
207 2523 327 2579 artaldo
344 2526 484 2581 ilemense
508 2522 652 2593 adjudicat
680 2523 870 2594 episcopium,
887 2525 916 2577 et
971 2520 1155 2577 suetudinem
1166 2518 1332 2575 celebrandi
1345 2519 1511 2590 concilii,et
1523 2519 1741 2591 postlectiones
1753 2535 1796 2576 sa·

99 2612 203 2668 iterum
220 2611 358 2668 indicitur
375 2612 502 2682 synodus
518 2612 617 2668 ldihus
635 2610 917 2681 lanua1·ii,quaedie
972 2609 1238 2679 erreauctoritatis,
1250 2609 1391 2678 ingressis
1401 2607 1668 2679 gloriosisregibus
1679 2609 1795 2666 Othone

99 2703 209 2755 statuta
225 2700 372 2755 celebrata
392 2704 434 2756 est
454 2700 480 2754 in
497 2700 619 2755 ccclesia
641 2699 732 2756 saneti
753 2699 832 2754 Petri
849 2703 917 2755 ante
972 2704 1000 2754 et
1019 2699 1164 2756 Ludovico
1178 2702 1207 2754 et
1224 2697 1308 2754 simul
1328 2697 1536 2769 residentibus,
1556 2704 1623 2770 post
1640 2698 1795 2756 allocutio·

98 2792 287 2858 prespeetum
298 2786 388 2842 castri
399 2787 650 2843 llosomiadomno
661 2787 789 2842 lieberto
800 2787 917 2843 ceteris·
973 2802 1037 2843 uem
1050 2787 1148 2844 llarini
1161 2786 1421 2859 sedisapostolicae
1434 2787 1532 2857 legati,
1546 2801 1669 2858 surgens
1680 2803 1731 2844 rex
1741 2789 1796 2846 Lu-

99 2890 155 2944 que
170 2875 352 2931 Treuircnsis
368 2875 529 2932 dioeceseos
544 2875 689 2948 episcopis
703 2878 731 2931 et
744 2873 916 2945 quibusdam
973 2877 1095 2948 doricus
1110 2892 1124 2932 a
1142 2876 1233 2933 latere
1249 2881 1279 2933 et
1293 2890 1434 2934 consessu
1450 2875 1547 2931 domni
1563 2876 1687 2932 Othonis
1703 2877 1793 2948 regis,

99 2962 257 3019 hamensis.
276 2964 318 3019 nd
333 2979 418 3034 quam
439 2963 555 3020 veniens
575 2967 657 3033 llugo
680 2963 771 3020 noluit
793 2962 915 3034 ingredi,
933 2998 957 3062 C
973 2965 1212 3038 proclamationis
1227 2980 1288 3021 sure
1304 2965 1513 3036 querimoniam
1528 2963 1678 3036 propalam
1694 2979 1794 3021 ceram

100 3052 151 3107 scd
163 3051 276 3108 litteras
288 3051 366 3108 misit
376 3053 430 3109 suh
443 3053 557 3109 nomine
570 3053 690 3124 agapeti
703 3067 786 3124 papae
797 3067 849 3124 per
861 3051 918 3108 cle·
974 3055 1070 3125 legato
1079 3055 1247 3126 ceterisque
1259 3053 1482 3111 considentibus
1493 3053 1642 3125 episeopis
1653 3055 1796 3125 reterens,

101 3141 191 3197 ricum
215 3156 309 3204 suum,
326 3141 374 3211 qui
391 3156 441 3198 eas
456 3143 545 3198 Reum
562 3142 718 3208 detulerat,
735 3143 788 3198 hoe
804 3146 917 3197 tantum
975 3144 1100 3215 qualiter
1112 3144 1274 3200 accersitus
1285 3143 1557 3201 sitatransmarinis
1567 3143 1735 3214 regionibus
1745 3158 1798 3215 per

101 3229 293 3295 continentes,
305 3234 334 3283 nt
345 3228 371 3284 ei
382 3231 521 3286 llernense
538 3229 713 3285 redderetur
727 3229 917 3301 episcopium.
974 3233 1089 3303 legatos
1104 3233 1234 3303 lingonis
1246 3237 1274 3288 et
1288 3231 1451 3304 principum
1467 3232 1595 3288 Franeiae
1608 3233 1643 3289 ad
1655 3233 1800 3305 aecipien-

102 3315 163 3382 (iol.
174 3315 238 3386 δῖ’.)
252 3317 323 3383 Quia
335 3333 404 3373 rere
415 3319 561 3374 liebertus
569 3319 760 3388 Trevirensis,
770 3317 920 3374 deserente
975 3320 1041 3376 dum
1053 3325 1181 3391 paternae
1191 3319 1374 3376 haereditatis
1385 3334 1516 3390 regnum,
1530 3323 1558 3376 et
1568 3325 1740 3377 cunctorum
1752 3337 1800 3377 vo·

100 3402 492 3473 Frederieolloguneiaeensi
504 3421 601 3462 coram
614 3406 921 3478 regibusetepiscepis

101 3488 920 3566 Gallimctsscrmaniaeinundatumlegationisapostolieae

102 3580 922 3654 susceperat,ctpartemjussionisjamexpleverat,com-

102 3666 178 3721 muni
197 3666 315 3722 decreto
328 3668 470 3725 sancitum
483 3675 527 3725 est
541 3676 572 3726 ut
584 3672 658 3741 quod
678 3672 852 3742 regulariter
868 3687 922 3727 coe·

20 3789 23 3795 -
103 3759 183 3824 ptum
201 3755 304 3824 luerat,
319 3757 460 3812 canonice
474 3764 715 3828 pertractaretur.
730 3761 833 3831 Sieque
850 3759 922 3816 reci·

103 3839 921 3915 tatoeapitulo19Carthaginensisconciliideaccusato

101 3938 132 3988 et
147 3938 329 4003 accusatore,
340 3935 500 3992 secundum
514 3936 605 4008 ipsius
615 3938 736 4009 capituli
748 3939 921 3996 sententiam

102 4020 255 4077 diffinitam
268 4025 356 4079 estut
370 4023 489 4081 artaldo
504 4026 674 4083 lismensem
693 4033 808 4084 tenente
825 4041 923 4100 parro-

102 4110 196 4168 chiam
212 4113 292 4180 lluge
303 4125 318 4166 a
330 4114 532 4170 communione
547 4120 577 4171 et
593 4116 732 4187 regimme
748 4117 920 4187 abstineret,

103 4198 194 4256 dorice
207 4199 242 4255 ad
253 4199 445 4257 universalem
457 4203 599 4272 synodum
610 4204 744 4262 llalendis
756 4205 877 4276 angusti
890 4219 922 4261 se

103 4293 282 4360 purgaturus
299 4295 477 4346 occurreret.
500 4290 582 4357 Quod
603 4293 762 4364 capitulum
779 4295 807 4350 in
819 4295 922 4351 charta

975 3408 1798 3481 tisetaeelamationihusconsecratusadapicemregalis

976 3497 1182 3554 rrroderaminis
1192 3497 1391 3566 oltinendum,
1405 3502 1504 3568 postea
1517 3511 1586 3554 vere
1597 3497 1634 3554 sit
1647 3513 1661 3553 a
1674 3500 1798 3570 pretato

976 3589 1095 3656 llugono
1116 3585 1191 3641 dolis
1211 3585 1371 3657 appetitus,
1388 3589 1416 3640 et
1434 3586 1673 3657 comprehensus,
1693 3591 1723 3642 et
1744 3603 1798 3659 per

977 3690 1081 3731 aunum
1097 3675 1242 3744 integrum
1259 3675 1312 3730 suh
1327 3673 1461 3730 custodia
1479 3675 1626 3730 detentus.
1639 3676 1679 3731 Ile
1692 3675 1800 3746 quibus

976 3764 1111 3820 omnibus
1129 3763 1212 3819 malis
1227 3763 1250 3819 si
1268 3763 1333 3833 quis
1347 3763 1490 3833 objiceret
1506 3763 1583 3834 quod
1598 3763 1643 3820 sui
1662 3765 1800 3823 iecinoris

977 3866 1064 3910 causa
1082 3851 1137 3909 ista
1152 3851 1246 3907 omma
1263 3866 1418 3923 perpessus
1433 3854 1524 3920 esset,
1538 3851 1603 3907 inde
1615 3867 1645 3908 se
1657 3853 1741 3924 juxta
1754 3868 1799 3925 sy-

977 3940 1080 3998 nodale
1090 3939 1351 4012 iudiciumetregis
1360 3939 1483 3996 Othonis
1495 3941 1719 4012 praeceptionem
1732 3958 1799 4014 pur·

976 4035 1070 4101 garet,
1081 4034 1131 4087 aut
1140 4028 1298 4086 certamine
1308 4029 1449 4098 singulari
1461 4029 1641 4085 detenderet.
1654 4032 1723 4086 Post
1735 4031 1798 4089 baec

978 4117 1116 4175 artaldus
1127 4116 1278 4174 Remensis
1289 4116 1362 4172 dixit
1374 4130 1492 4173 causam
1505 4116 1565 4173 litis
1577 4117 1653 4174 inter
1662 4118 1756 4190 ipsum
1768 4122 1799 4176 et

978 4209 1124 4277 llugenem
1136 4205 1238 4262 illicite
1250 4205 1304 4261 sibi
1316 4204 1508 4262 substitutum
1521 4205 1700 4279 episcopum.
1720 4209 1800 4278 lnge-

979 4301 1043 4352 stus
1053 4296 1151 4365 itaque
1163 4294 1278 4367 quidam
1289 4294 1418 4364 llugonis
1427 4294 1659 4350 clericusattnlit
1672 4295 1798 4364 litteras,

103 4376 294 4448 descriptum,
306 4381 335 4432 et
347 4378 372 4433 ei
387 4379 506 4436 missum
521 4387 577 4450 est,
591 4381 725 4451 adpuneta
742 4382 919 4438 delinitione.
936 4371 964 4432 D
978 4398 1113 4440 asserens
1138 4383 1192 4440 sibi
1208 4397 1258 4439 eas
1272 4381 1357 4437 datas
1372 4383 1408 4437 ab
1423 4383 1487 4453 ipse
1510 4382 1620 4439 vicario
1644 4384 1752 4454 ltemae,
1770 4399 1798 4439 m

104 4464 194 4531 Quam
210 4467 325 4534 postera
342 4466 388 4521 die
404 4468 651 4541 retransmittens,
669 4470 815 4531 mandarit
829 4486 859 4527 sc
875 4485 923 4526 ne·

26 4560 32 4574 ¹
103 4566 247 4623 qnisquam
267 4553 464 4611 obediturum.
487 4557 601 4613 Interea
623 4559 862 4630 proclamationis
877 4559 923 4615 lit·

103 4644 175 4697 tenc
191 4655 205 4696 a
222 4641 328 4696 domno
343 4643 464 4700 artaldo
478 4644 644 4715 diriguntur
662 4647 696 4702 ad
712 4648 808 4704 sedem
823 4651 924 4704 homa·

102 4744 177 4785 nam.
196 4730 324 4786 llorunus
338 4729 427 4800 igitur
443 4733 585 4804 hgapitus
599 4749 670 4807 papa
684 4736 823 4792 vicarium
840 4751 922 4793 suum

103 4817 242 4875 llarinum
256 4817 425 4891 episcopum
439 4821 529 4877 mittit
542 4823 577 4878 ad
590 4823 730 4881 Othonem
746 4840 843 4895 regem
860 4839 924 4896 prc-

104 4908 169 4975 pter
194 4908 406 4976 aggregandam
433 4910 599 4978 generalem
629 4913 779 4983 synodum.
806 4914 923 4970 Litterae

105 5005 221 5062 quoquc
246 4994 341 5065 ipsius
365 4997 517 5068 speciatim
543 4999 638 5056 misse
659 5005 727 5056 erint
751 5002 924 5072 quibusdam

105 5077 206 5135 Galliae
221 5083 250 5135 et
271 5082 431 5141 Germaniae
449 5086 606 5159 episeopis,
628 5093 658 5145 ut
679 5091 868 5147 convenirent
888 5094 923 5149 ad

103 5168 224 5225 eandem
240 5171 389 5239 synodum.

139 5259 302 5328 aggregata
313 5263 357 5316 est
368 5275 438 5332 ergo
450 5264 590 5335 praedicta
607 5267 733 5337 synodus
748 5269 775 5325 iu
793 5269 925 5340 Engilen-

103 5343 178 5402 heim
190 5343 299 5418 palatio
311 5347 568 5416 regaliinecclesia
581 5353 674 5410 saneti
686 5355 819 5427 Remigii,
829 5356 924 5414 lidus

102 5434 188 5504 lunii,
206 5449 231 5490 a.
254 5437 315 5503 9l8,
341 5434 500 5494 indictione
515 5443 542 5511 e,
564 5442 653 5498 tertie
678 5447 803 5515 papatus
827 5445 924 5501 domni

979 4474 1086 4545 quihus
1101 4472 1243 4544 seriptum
1255 4475 1318 4527 erat
1330 4470 1408 4542 quod
1419 4472 1516 4528 ctrrrcti
1531 4471 1682 4527 viennensis
1692 4471 1800 4528 dioece-

979 4561 1186 4633 seosepiseopi
1196 4575 1249 4632 pro
1259 4560 1476 4616 restauratione
1486 4560 1742 4630 llugoniseasdem
1752 4559 1800 4616 lit·

979 4657 1059 4708 teras
1073 4651 1169 4706 Ronrae
1189 4647 1368 4704 direxerant.
1387 4647 1467 4714 Quod
1484 4663 1551 4704 mox
1567 4649 1731 4705 refutarunt
1748 4652 1801 4705 hr-

979 4740 1076 4797 taidus
1092 4737 1243 4795 ltemensis
1258 4741 1285 4793 et
1302 4736 1685 4794 Fuibertuscameracensis
1700 4740 1729 4793 et
1746 4739 1801 4795 lte-

980 4825 1801 4898 doliusquiineisdemiittcrisnominabantur,astruen·

979 4918 1025 4970 tes
1037 4912 1113 4984 quod
1122 4928 1171 4969 cas
1182 4927 1327 4983 nunquam
1340 4916 1422 4968 antea
1433 4910 1642 4968 audieruutuel
1652 4909 1801 4983 viderunt,

980 5016 1072 5073 neque
1085 5001 1112 5056 in
1123 5016 1222 5058 earum
1237 5000 1420 5070 delegatione
1437 5016 1588 5058 assensum
1599 5001 1801 5072 praebuerunt.

979 5093 1136 5162 Postquam
1146 5104 1217 5158 ergo
1227 5088 1426 5146 delatoridem
1437 5089 1553 5161 publice
1563 5090 1735 5147 contutatus
1746 5091 1804 5161 est,

980 5179 1139 5235 secundum
1148 5177 1289 5250 judicium
1299 5191 1440 5234 canonum
1452 5176 1624 5234 diaconatus
1634 5193 1691 5248 quo
1703 5178 1804 5248 iunge·

980 5268 1067 5325 batur
1082 5267 1176 5324 cilicio
1192 5266 1343 5337 multatus,
1358 5280 1372 5321 a
1385 5279 1525 5322 consessu
1541 5265 1644 5338 synodi
1659 5267 1806 5324 abscessit

980 5355 1165 5429 reprobatus.
1177 5353 1298 5413 artaldo
1311 5353 1401 5425 igitur
1411 5352 1530 5426 praesuli
1539 5355 1680 5412 Remense
1690 5355 1805 5428 episeo-

981 5444 1058 5517 pium
1078 5443 1275 5515 adjudicatum
1291 5448 1336 5501 est
1348 5444 1433 5514 juxta
1452 5454 1595 5502 canonum
1616 5443 1752 5502 instituta
1772 5450 1802 5502 et
