3788 5992
77 209 153 273 lael

381 204 516 274 GESTA
537 206 715 271 TREVER.
733 243 772 255 —
786 203 956 271 arenul)
978 203 1279 269 Vlihc0Niiaii1
1299 208 1493 272 ARGHiEP.

1707 213 1782 277 latit

77 334 210 394 diabolus
225 335 315 393 altius
338 339 530 407 assumptum,
555 339 671 391 ortatus
685 338 730 390 est
746 332 782 389 ad
799 332 901 404 preci·
916 320 941 379 Α
958 345 1032 389 anno
1043 330 1784 403 eodemquetenporssanctaecclesiastetantove

78 425 182 497 picium
192 444 199 493 ;
211 440 295 495 quern
307 428 335 482 et
355 423 540 496 postmodum
551 423 575 493 ej
582 424 682 480 iisdem
694 420 802 479 diaboli
815 437 902 477 mem·

77 515 127 569 bra
138 512 248 570 duxere
260 512 296 568 ad
309 512 417 570 montis
427 511 629 583 supercilium,
638 516 670 566 ut
682 511 902 582 praecipitarent

75 616 151 658 eum.
169 599 301 657 Nondum
320 600 355 655 de
382 614 465 670 poena
482 600 584 655 saciati
600 599 754 655 carniilces
772 598 902 655 crudelis

78 689 190 758 tyranni
205 707 211 742 :
228 690 315 757 aeto,
330 688 475 758 inquiunt,
488 701 546 743 noa
556 685 902 744 bervesciienaaatatttta·

75 775 410 846 haecmomentis·
426 774 630 833 deminabitur
647 775 813 844 tectorii,
831 774 902 830 ilinc

74 866 109 920 ad
121 864 267 921 cumulum
279 863 325 898 ³⁹⁶³
338 862 555 934 dampnationis
576 879 635 921 suae
646 862 753 933 gladiis
773 876 838 919 eum
855 878 904 934 ap·

74 953 306 1023 petiere,sicque
318 951 494 1009 decollatum
504 950 630 1021 collegio
641 950 792 1007 martirum
805 950 903 1007 marti·

74 1053 133 1094 rem
150 1039 349 1095 sociaverant.
366 1040 406 1094 ita
421 1037 470 1094 ille
482 1043 528 1094 ter
539 1039 653 1106 beatus,
664 1037 788 1093 ludibria
801 1043 829 1093 et
839 1052 902 1093 vcr-

74 1128 143 1182 bera
157 1132 309 1198 expertus,
319 1127 439 1198 insuper
451 1125 603 1182 etvincula
617 1130 645 1181 ct
656 1139 802 1196 carceres,
815 1126 842 1180 in
857 1139 903 1181 oc·

72 1215 281 1286 cisionegladii
295 1219 492 1271 mortuusest.
503 1215 591 1284 Cujus
602 1214 904 1285 spiritnsassumptus

72 1306 108 1360 ab
125 1302 171 1338 ¹⁹⁸⁸
185 1304 306 1374 angelis,
322 1317 387 1359 cum
404 1302 617 1374 multiplicibus
634 1302 789 1373 triumphis
809 1301 903 1359 vultui

70 1397 270 1464 praesentatus
283 1394 327 1447 est
342 1391 573 1463 Omnipot2entis3
594 1389 716 1461 eiusque
734 1390 825 1447 odoro
840 1405 905 1447 sue-

957 418 1211 498 dissensionumet
1227 419 1480 490 perturbationum
1497 422 1585 492 coepit
1604 424 1708 493 agitari
1726 430 1785 483 tar·

957 507 1033 578 bine,
1048 514 1077 564 ut
1090 508 1201 564 diutina
1214 507 1356 564 bellorum
1370 523 1421 579 per
1436 508 1522 564 civile
1538 510 1644 566 bellum
1664 513 1786 573 irretita·

956 596 1046 664 tione,
1073 595 1143 665 quid
1159 594 1198 650 sit
1215 611 1280 665 pax,
1306 594 1441 651 videatur
1457 596 1601 665 ignorare.
1620 599 1721 655 Statim
1738 600 1783 634 ³⁹⁷⁷

957 683 1031 739 enim
1062 685 1220 739 secundum
1250 681 1322 738 illud
1352 684 1573 754 prophetiar³⁹³⁸
1591 686 1783 768 judiciarii

956 772 1200 828 sanctuariomeo
1213 770 1338 841 incipite
1354 772 1474 841 (Erech.
1495 789 1533 843 rx,
1555 776 1592 845 0),
1611 773 1669 829 vita
1686 776 1785 834 deces-

958 857 996 915 sit
1009 859 1087 915 sedis
1098 858 1592 930 apostolieaevenerabilispontil'ex
1605 863 1784 932 ateramum

958 948 1003 1004 eui
1016 947 1178 1004 succedens
1190 945 1532 1018 liildolnaudaspestifer
1545 950 1570 1004 in
1585 951 1687 1006 dicbus
1698 955 1783 1010 cilicii

958 1036 1001 1093 sui
1013 1036 1134 1092 calicem
1146 1035 1196 1092 ira
1221 1036 1269 1091 liei
1282 1036 1417 1092 universo
1438 1038 1602 1108 propinavit
1616 1040 1688 1109 irriti,
1701 1042 1784 1111 rrrjus

959 1123 1142 1180 arnarissimo
1159 1139 1263 1195 saporo
1278 1124 1371 1179 adltnc
1386 1129 1415 1178 et
1433 1125 1459 1178 in
1473 1131 1621 1196 posterum
1641 1127 1744 1185 alentes
1755 1131 1784 1185 ir·

958 1213 1063 1269 liorum
1080 1212 1291 1283 obstupescere
1317 1212 1422 1268 hahent
1435 1211 1489 1277 ³⁹⁷⁹,
1503 1214 1559 1268 nisi
1578 1217 1686 1271 triturat
1701 1220 1784 1275 misc-

958 1300 1040 1357 rendi
1068 1307 1194 1372 tempus,
1222 1301 1306 1370 cujus
1319 1299 1365 1334 ³⁹⁸⁰
1381 1301 1506 1373 populns
1526 1307 1556 1357 et
1582 1318 1652 1360 oves
1666 1320 1783 1377 pascuae

959 1389 1055 1459 (Paci.
1067 1404 1144 1457 xcix,
1159 1393 1185 1460 3)
1195 1403 1393 1459 sumus,quern
1410 1379 1677 1449 eonfitemurbcum
1690 1401 1717 1450 et
1730 1398 1784 1452 bo·

77 1480 179 1537 vitatis
191 1480 327 1536 innovata
352 1486 398 1536 cst
417 1479 498 1536 curia
524 1479 664 1549 caelestis,
680 1478 747 1535 dum
762 1479 828 1535 hinc
844 1479 903 1535 lilia
959 1479 1166 1547 minum,quem
1179 1477 1330 1534 laudamus
1343 1478 1369 1532 in
1382 1478 1478 1533 secula
1492 1481 1666 1537 seculorum.
1682 1485 1781 1544 brnen.

71 1584 107 1624 ex
124 1567 202 1624 stola
214 1567 391 1625 sacerdotali
402 1567 566 1637 candentia,
580 1567 646 1623 hinc
657 1567 790 1623 redolent
802 1567 848 1600 ³⁰⁸⁷
859 1583 904 1625 rc·
995 1570 1020 1622 5.
1035 1566 1784 1643 Juxtaquodscriptnmest2irrrtrrrqanmmleproe-

78 1671 116 1714 sas
128 1661 287 1713 vernantes
297 1672 332 1713 err
350 1656 494 1727 passionis
504 1656 654 1725 sangnine.
681 1656 792 1727 Corpus
805 1656 903 1715 exani.
917 1675 943 1734 Β
958 1653 1277 1727 occupatos⁸⁹⁸1oremt‚
1286 1655 1783 1729 iaresrtperioerit,qaiopi·ctioet

68 1761 114 1802 me
131 1747 273 1817 vepribus
289 1751 319 1801 et
334 1745 470 1802 irulectrs
486 1759 640 1816 operuere,
659 1760 770 1814 suoque
785 1745 901 1802 domino
956 1742 1282 1801 mirericordiciiei³⁰⁸²
1300 1743 1548 1799 ercensendam
1563 1748 1627 1816 ejus
1638 1749 1667 1803 et
1687 1765 1782 1821 reape-

70 1836 130 1892 tale
147 1835 282 1892 nuntiare
292 1834 431 1904 gaudium
443 1834 555 1890 abiere.
577 1838 668 1905 aquo
681 1834 826 1904 requisiti,
840 1833 901 1890 ubi.
956 1837 1020 1891 cteta
1031 1829 1305 1889 ireeleeto³⁹⁸⁴illiua
1317 1830 1401 1899 (Sap.
1411 1835 1495 1904 ινα),
1505 1833 1718 1905 beneplacitum
1728 1839 1781 1893 luit

69 1938 133 1980 nam
146 1929 228 1980 esset
238 1924 405 1994 opiscopus,
419 1922 461 1978 illi
473 1923 622 1993 inquiunt:
637 1917 901 1994 Pontistraiem³⁰⁶⁸
954 1921 1190 1978 licomemoriam
1204 1918 1332 1975 martiris
1344 1925 1373 1973 et
1385 1921 1546 1977 sacerdotis
1561 1925 1605 1978 sui
1619 1925 1780 1982 honestiori

66 2013 190 2068 mitram
205 2011 459 2083 inpositionem
475 2011 624 2067 Treeerim
634 2012 718 2067 eitra
728 2025 785 2067 non
798 2011 899 2066 centre-
954 2010 1095 2066 decorare
1110 2009 1276 2080 sepulchro,
1287 2013 1316 2062 et
1330 2007 1536 2077 theologiense
1553 2013 1718 2069 cmnoblum
1730 2014 1781 2072 tali

66 2099 896 2171 r·as,necpoatittceiem¹⁰⁶⁰kathedrcmectreeterua.iali
953 2113 1060 2167 augere
1073 2104 1211 2169 patrcn0;
1233 2097 1280 2166 qui
1297 2096 1435 2153 videlicet
1449 2113 1504 2154 uno
1520 2114 1555 2154 cx
1571 2101 1664 2157 latere
1679 2104 1782 2160 ilauri-

68 2190 258 2259 dcrogatione
275 2194 375 2245 sancto
392 2189 455 2245 viro
471 2188 658 2257 insultantes,
680 2188 802 2243 iorsitan
817 2188 898 2257 igno·
952 2187 997 2243 cio
1009 2190 1121 2242 astaret
1135 2191 1163 2240 et
1175 2200 1210 2240 ex
1224 2185 1278 2241 alio
1296 2185 1480 2256 [rouperculae
1491 2191 1710 2259 congregationi
1725 2208 1783 2249 ma-

67 2278 181 2347 rabant,
200 2277 278 2348 quod
293 2282 332 2332 sit
354 2278 452 2333 lutura
469 2277 541 2345 dics,
560 2277 588 2331 in
610 2289 664 2345 qua
687 2291 745 2347 praa
762 2276 895 2345 augustia
952 2290 1019 2331 ntum
1035 2275 1192 2330 conterret.
1223 2275 1256 2328 lit
1273 2273 1349 2343 quie,
1368 2275 1415 2342 qui
1434 2275 1538 2346 recipit
1561 2276 1673 2346 justum
1690 2280 1717 2335 in
1732 2296 1781 2337 no·

67 2363 896 2435 spiritnsgementes,dicentintcrsepoenitentiamagen·
952 2363 1115 2433 minoiusti,
1135 2362 1295 2418 mercedem
1315 2362 1388 2430 justi
1408 2363 1663 2436 accipiethilrtlth.
1677 2384 1704 2437 x,
1721 2371 1777 2443 il),

69 2459 112 2508 tes
126 2472 131 2506 :
146 2454 207 2510 Hic
221 2455 358 2525 eeiqaem
369 2454 536 2524 aliquando
547 2453 706 2509 hebetantes
721 2452 896 2509 indecisam
951 2452 1037 2522 bujrrs
1048 2458 1165 2509 aeternae
1182 2451 1325 2506 mercedis
1340 2466 1396 2506 non
1412 2452 1469 2507 crit
1483 2467 1588 2524 expers
1603 2457 1779 2516 heodericus

66 2542 96 2596 et
104 2539 379 2598 insimilitudinem
387 2542 641 2614 improperantes
649 2541 896 2599 inconsutibiliter
950 2541 1127 2598 venerabilis
1158 2540 1281 2595 antistes
1298 2538 1354 2604 ³⁹³⁵,
1372 2539 1456 2609 cujus
1473 2541 1520 2612 pio
1547 2544 1661 2599 iouente
1678 2547 1777 2605 studio

69 2631 363 2702 ejuscrtimatcmea
378 2633 567 2688 insanierint
582 2634 669 2694 ricem
685 2631 896 2689 iiliuraiceho-
951 2634 1076 2700 utraque
1091 2629 1226 2700 provenit
1243 2628 1384 2684 exiribitio
1406 2630 1543 2701 martiris,
1562 2632 1672 2688 scilicet
1690 2640 1720 2689 et
1743 2636 1778 2692 de

68 2733 148 2776 nore.
165 2719 311 2785 mamito
322 2734 391 2793 erpo
402 2721 589 2791 computator
600 2721 893 2791 ertirrtersttiernei,
951 2716 1013 2774 ioco
1029 2717 1123 2773 viliori
1140 2716 1267 2772 elevatio
1289 2722 1316 2772 rt
1343 2717 1378 2772 ad
1396 2717 1594 2774 decentiorem
1611 2721 1776 2783 translatio.

68 2808 471 2866 etinterocnetossorrillies
482 2807 624 2875 tritonia
637 2810 767 2879 ejusdem
780 2812 894 2881 tyranni
950 2804 1031 2860 Unde
1047 2803 1189 2859 mirabilis
1205 2805 1280 2859 bons
1296 2805 1321 2859 iu
1339 2805 1449 2860 sanctis
1464 2805 1533 2875 suis,
1560 2808 1608 2878 itui
1633 2808 1711 2865 lldcli
1727 2826 1778 2868 suo

71 2898 175 2952 timore
201 2899 328 2953 membra
344 2897 451 2953 Christi
468 2897 573 2953 hostiae
599 2913 681 2955 nemo
697 2899 823 2955 audebat
839 2904 896 2954 ter·
951 2893 1104 2950 Cuonrado
1118 2892 1187 2948 ³⁹⁸⁶a
1199 2895 1324 2963 duobus,
1344 2893 1428 2950 unius
1439 2895 1574 2965 nominis,
1592 2898 1643 2953 sed
1655 2899 1777 2959 (thersae

69 3000 108 3040 ΝΒ
123 2983 170 3018 arro
184 2985 331 3055 mandare,
350 2986 454 3042 diebus
471 2987 532 3041 sepe
546 2989 582 3042 ao
604 2987 751 3042 iphmnata
763 2987 893 3058 jacuere,
951 2981 1114 3053 qualitatis,
1130 2982 1246 3038 diversa
1260 2982 1394 3038 exbiberi
1410 2983 1512 3038 tribuit
1530 2984 1605 3039 dona
1620 2986 1776 3058 honoris‚a

70 3075 164 3129 instar
176 3073 254 3129 beati
268 3074 404 3146 Stephani
420 3075 668 3144 prothomartiris,
682 3076 853 3132 avibusceli
866 3082 895 3132 et
950 3071 1111 3127 heoderico
1119 3069 1483 3141 ³⁹⁸⁷crndeli³⁰⁸⁷'litiss110
1494 3087 1630 3129 ⁰0i⁰ss³ffl
1640 3076 1774 3133 militib·

70 3161 176 3217 bestiis
198 3164 260 3231 agri
275 3163 424 3233 exposita;
449 3163 499 3218 sed
516 3164 565 3218 ilci
586 3165 768 3235 providentia
785 3181 799 3221 a
814 3166 894 3221 nullo
950 3159 986 3214 ab
998 3159 1061 3229 ejus
1078 3159 1226 3230 aequivoco
1245 3159 1368 3231 praesule
1385 3159 1554 3229 dignissimo
1567 3162 1680 3218 honesti
1698 3165 1778 3234 quie-

69 3253 172 3308 horum
185 3253 265 3309 luere
279 3259 443 3308 contracta.
462 3253 531 3308 inde
547 3267 579 3309 ea
597 3253 733 3325 proximae
743 3254 829 3325 villae,
842 3255 894 3311 hoc
950 3252 1008 3303 tem
1018 3248 1176 3318 sepulchri.
1191 3249 1246 3303 Sed
1259 3248 1324 3318 quin
1346 3248 1407 3319 ipse
1420 3249 1582 3316 retributor
1594 3252 1733 3309 bonerum
1746 3257 1775 3310 et

70 3339 432 3413 cstLoncseet¹⁹⁷¹ltldt3)‚
462 3342 642 3412 convicanei,
672 3342 782 3413 pietate
812 3343 893 3412 moti,
949 3335 1185 3393 ultorrnalornm
1205 3335 1321 3391 diversa
1348 3337 1481 3407 utrisque
1507 3338 1610 3394 inieret
1629 3342 1775 3412 stipendia

69 3429 187 3484 tandem
215 3428 289 3486 clam
317 3430 480 3500 elevavere,
497 3437 527 3486 et
553 3431 630 3501 apud
646 3431 767 3487 eandem
794 3430 893 3488 villam
949 3425 1131 3494 meritorum,
1147 3425 1203 3494 jam
1219 3431 1284 3495 post
1305 3427 1450 3496 passionis
1466 3432 1578 3484 textum
1593 3431 1722 3487 martiris
1738 3432 1774 3489 ad

69 3521 84 3570 8
100 3516 168 3571 idus
186 3516 256 3572 iulii
272 3521 338 3573 ante
354 3517 432 3573 iores
448 3519 582 3574 ecclesiae
598 3519 706 3576 honore
720 3535 776 3590 quo
794 3526 895 3590 polue-
949 3527 1003 3569 1108
1019 3514 1183 3570 scribamus
1199 3515 1363 3570 adtentum·

69 3609 137 3658 runt
152 3603 305 3676 sepeliere.
334 3606 441 3662 Passus
457 3613 503 3663 est
526 3608 624 3677 itaque
648 3621 723 3664 anno
739 3608 895 3666 millesimo
985 3613 1077 3668 isdem
1090 3611 1316 3669 honestissimus
1331 3616 1438 3670 sanctae
1458 3613 1633 3671 virdunensi
1644 3616 1777 3675 ecclesiae

70 3694 251 3762 sexagesimo
267 3700 351 3750 sexto
371 3696 582 3752 incarnationis
608 3697 770 3766 libramme,
789 3701 892 3768 quarta
951 3700 1777 3775 praesullieodericuseumeodemaaaoapudNovallis³⁹⁸⁸

69 3780 240 3851 indictione,
263 3783 329 3838 data
356 3784 447 3855 prima
473 3784 666 3840 Kalendarum
685 3784 818 3840 iunii⁸⁹⁷²
834 3787 890 3843 die.
950 3805 1010 3846 suae
1023 3789 1149 3845 dicionis
1165 3796 1295 3845 castrum
1311 3805 1398 3846 cures
1418 3806 1516 3862 agens,
1536 3792 1639 3848 dicit⁸⁰
1655 3794 1777 3864 quadam

69 3869 159 3926 Paulo
172 3875 325 3941 antequam
337 3877 487 3941 pateretur
498 3873 893 3930 eaelitusrnissacorrietes³⁹⁷³
950 3878 1122 3948 sollempnia
1146 3878 1312 3933 celebraret
1339 3879 1503 3948 missarum,
1519 3886 1651 3951 tempore
1667 3883 1777 3938 sacriti-

70 3960 97 4014 in
109 3958 282 4016 occidentali
300 3965 383 4032 parte
400 3962 502 4018 ntultis
519 3962 654 4019 noctibus
667 3964 837 4036 apparuisse
848 3964 893 3998 ³⁹⁷⁴
951 3965 1053 4034 cii⁸⁹⁹⁰,
1080 3965 1285 4021 recordatione
1297 3966 1427 4020 irrartiris
1440 3981 1541 4023 anirnae
1554 3972 1637 4024 tanto
1647 3972 1780 4028 lacrima·

70 4048 132 4104 visa
148 4046 291 4120 estitit),
314 4048 420 4105 divinae
433 4049 567 4105 nimirum
580 4050 700 4107 ultionis
710 4052 806 4108 iudex.
824 4055 892 4109 Nam
950 4069 1012 4111 rum
1026 4054 1162 4125 perinsus
1182 4061 1228 4108 est
1241 4053 1342 4120 imlrre,
1356 4059 1388 4108 ut
1409 4068 1474 4110 eum
1488 4055 1587 4111 subito
1597 4057 1624 4111 in
1648 4063 1778 4118 contem.

69 4150 126 4193 vox
141 4135 204 4207 ejus
227 4135 392 4192 innocentis
421 4138 619 4208 sanguimen
648 4141 706 4195 lieo
734 4140 893 4198 vindictam
950 4142 1080 4215 piatione
1093 4147 1207 4213 raptum
1225 4142 1481 4212 nemoambigoret
1492 4143 1773 4203 circumastantium.

70 4224 259 4297 postulantis,
269 4224 543 4282 tantumclamorem
554 4227 751 4298 intutitcalis,
761 4229 893 4287 utadbuc
952 4231 1090 4301 Cumque,
1114 4229 1204 4284 linitis
1215 4230 1324 4286 eisdem
1337 4228 1525 4302 sollempniis,
1538 4233 1681 4291 subucula
1698 4234 1773 4307 (560)

70 4312 106 4368 de
118 4327 202 4370 manu
216 4313 397 4371 tociusorbis
409 4315 549 4372 ultionem
562 4316 696 4373 videatur
705 4319 892 4389 expetereira
952 4318 1117 4390 corripuncti
1135 4318 1298 4374 sacerdotis
1311 4319 1374 4375 loco
1387 4320 1527 4390 pectorali
1540 4336 1595 4378 non
1608 4322 1706 4393 parvis
1717 4336 1776 4378 ma·

70 4401 314 4475 supernijadicis.
328 4402 474 4474 Siquidem
487 4418 539 4460 nec
550 4404 711 4463 differendo
723 4420 894 4477 responsum
912 4377 937 4436 D
953 4405 1660 4477 deretdistillataguttis,crunctismirantibusnec
1670 4410 1775 4468 verita·

70 4495 116 4546 est
131 4490 156 4545 ei
170 4510 176 4545 z
188 4489 339 4550 Modicum
355 4493 468 4564 umbus
479 4494 604 4559 teatina
614 4494 666 4550 sed
677 4495 776 4550 statim
792 4496 895 4554 eodem
954 4502 1010 4553 tem
1027 4475 1069 4550 rei
1086 4495 1230 4552 sciscitari
1245 4496 1432 4568 audentibus,
1446 4496 1506 4569 ipsc
1519 4497 1642 4557 domnus
1653 4498 1709 4569 ⁸⁹⁹¹,
1726 4500 1775 4557 cui

745 4610 864 4667 VARIAE
881 4609 1080 4668 Lectiones

105 4692 150 4726 ³⁸⁶¹
166 4691 286 4772 subiisti
300 4699 327 4750 2.
357 4693 581 4751 ‘⁸⁹⁶⁸tamulum
596 4700 622 4751 2.
639 4701 665 4753 3.
721 4695 1031 4770 ”arbinensis
1088 4696 1350 4753 ³⁰⁸⁷redoiereme.
1407 4697 1770 4770 ³⁰⁶⁸m.pontiillcaieml.

71 4763 379 4835 ³⁰⁶⁹pontrflcaleml.
438 4765 617 4839 ⁶⁹⁷⁰1deeotl,
673 4766 1246 4827 ⁸⁹⁷1itotaaioncseeitr.torseris.
1286 4767 1332 4801 ³⁹⁷²
1348 4769 1499 4825 utilitia.
1555 4767 1776 4829 ¹⁰⁷¹oommetes

73 4842 97 4890 l.
172 4832 218 4867 ³⁹⁷⁴
234 4835 407 4906 apparuisse
424 4841 448 4892 l.
505 4834 589 4891 ³⁹³⁵et
606 4839 729 4896 maxime
742 4839 1154 4911 metropolisirevericaedd.
1172 4843 1197 4894 3.
1237 4838 1419 4897 2⁹⁷⁸tantai.
1457 4839 1775 4898 ⁸⁹⁷⁷Statim—habcnt

72 4905 210 4962 desueuit.
286 4904 332 4939 ³⁹⁸⁷
349 4907 490 4977 prophete
505 4911 531 4962 i.
606 4907 651 4941 ³⁰³⁹
667 4912 694 4964 b.
714 4912 760 4967 ob.
776 4916 802 4966 i.
841 4910 888 4946 ³⁰⁸⁰
904 4911 991 4981 Cujus
1006 4925 1106 4968 surnus
1121 4924 1150 4980 p.
1168 4915 1197 4965 et
1214 4925 1241 4965 o.
1260 4925 1286 4980 p.
1304 4924 1388 4979 qucm
1404 4913 1430 4965 t.
1469 4909 1514 4945 ⁸⁹⁸¹
1530 4918 1771 4983 preocupatusl.

71 4976 461 5047 89Μειιρενεϋν.1.(ἰεωί3.
500 4975 757 5036 ³⁰⁸³sanctosli3.
798 4980 842 5015 ³⁹⁸⁴
865 4982 1004 5039 electost
1052 4979 1098 5013 ⁸⁹⁸⁸
1113 4981 1300 5036 theodericus
1313 4995 1339 5035 a.
1358 4994 1420 5036 ven.
1438 4985 1463 5036 2.
1537 4981 1770 5041 ⁸⁹⁸⁸cunradol.

73 5049 209 5104 hocloco.
284 5046 400 5103 ³⁹⁸⁷deo
428 5047 535 5103 clerico
556 5050 582 5105 i.
656 5048 716 5083 ⁸⁹⁸⁸²
732 5055 753 5106 t.
770 5066 812 5107 cr.
830 5058 853 5108 l.
908 5050 955 5086 ⁸⁹⁸⁰
969 5051 1140 5108 novrillisl.
1160 5051 1281 5107 ricvellis
1297 5055 1326 5105 3.’
1341 5051 1451 5107 nauelis
1465 5051 1506 5107 3².
1525 5068 1548 5108 s.
1571 5052 1598 5108 d.
1624 5054 1771 5111 desecti.

72 5116 120 5198 ³⁰⁸?
135 5118 295 5198 infestos.
313 5118 493 5198 Apollinaris
507 5133 529 5174 s.
547 5121 573 5174 3.
648 5119 693 5153 ⁸⁰⁰¹
708 5125 733 5175 3.
752 5121 805 5178 hoc
819 5123 878 5179 loco
893 5123 995 5180 addit:
1013 5125 1134 5193 repente
1154 5121 1276 5192 spiritns
1293 5123 1381 5193 beati,
1399 5123 1435 5178 de
1451 5138 1507 5194 quo
1536 5122 1672 5195 diximus,
1691 5127 1775 5196 quasi

73 5203 135 5245 avis
150 5188 416 5245 circumvolitantis
431 5204 483 5260 per
498 5189 602 5247 altaris
618 5191 769 5261 circulum,
788 5194 924 5251 turbatur
943 5194 1066 5250 visione.
1093 5191 1148 5260 oui
1165 5193 1237 5247 inira
1253 5198 1396 5249 actionem
1412 5194 1616 5251 detunctorum
1632 5195 1776 5254 deductus

73 5260 109 5316 ad
127 5259 295 5317 memoriam
307 5259 405 5331 buius,
421 5259 506 5331 cuius
522 5261 654 5318 audierat
669 5261 787 5320 caedenr.
862 5263 909 5297 Μ’
923 5264 1037 5320 donnus
1055 5269 1078 5320 l.
1097 5263 1240 5335 dompnus
1255 5265 1281 5317 i.

864 5338 980 5418 'norm

110 5448 185 5518 (558)
202 5446 307 5502 houset
322 5458 360 5501 ex
375 5444 466 5503 altera
482 5451 564 5519 parte
580 5446 715 5505 llosellae.
731 5449 839 5507 lisura.

116 5517 192 5591 (tbi)
209 5514 250 5576 ci.
267 5515 452 5587 isanbertum
468 5524 498 5575 et
513 5518 688 5578 Bernoldura
703 5518 731 5578 h.
749 5533 774 5578 a,

987 5447 1061 5523 (tto)
1077 5448 1199 5507 Videtur
1226 5447 1392 5520 intelligere
1421 5450 1561 5522 casulam,
1592 5449 1690 5524 phrasi
1707 5452 1778 5510 satis

955 5520 1124 5594 incongrua.
1142 5521 1304 5580 herorum.
