3788 6000
59 242 119 320 m

682 248 932 325 cuaomroom.
950 296 987 306 -
1002 256 1082 324 rau.
1098 260 1135 323 11.

1702 263 1761 326 294

59 394 121 451 lant
139 392 342 466 impossibilia.
356 394 379 449 0
394 400 519 450 mentem
535 400 678 452 amentem
692 398 698 452 t
712 397 733 452 0
746 409 882 468 spurcam
897 395 924 455 Α
939 395 1020 466 poris
1038 396 1143 452 Christi
1167 400 1197 453 et
1216 397 1364 454 consortio
1389 394 1516 453 fidelium
1538 403 1688 469 separaret
1702 417 1709 466 ;
1726 404 1758 455 ut

59 481 224 553 nequitiam
240 485 269 537 ct
284 481 490 552 nequissimam
503 483 689 555 spurcitiam!
703 484 847 556 Numquid
860 484 884 540 si

61 570 247 642 perditorum
259 585 356 627 mores
367 571 515 628 hominum
529 573 635 643 corrigi
651 573 885 644 refugientesdc-

60 659 187 732 sipiunt,
202 659 319 729 justitia
336 659 482 732 silebitur,
501 662 596 733 pietas
610 662 841 733 conculcabitur,
855 667 883 718 et

59 747 285 804 aecclesiasticae
304 748 568 807 animadversionis
583 751 698 819 gladius
715 767 729 807 a
746 752 884 822 sanguine

59 834 293 907 prohibebitur?
307 838 355 893 llae
376 838 492 908 rectori,
512 854 595 909 quem
616 839 800 896 denotaverit
823 855 885 896 sen-

60 925 154 980 tentia
171 924 296 996 hujusce
312 925 544 983 maledictionis!
560 926 751 998 Maledictus,
769 928 818 999 ait,
831 929 884 1000 qai

58 1012 202 1085 munitet
208 1013 348 1084 abaciam
357 1029 444 1072 suum
455 1018 628 1088 osonguine
638 1016 711 1087 (Jer.
723 1033 818 1083 xuvm,
827 1019 882 1088 10).

60 1101 197 1158 Gladium
224 1117 238 1157 a
264 1104 406 1173 sanguiue
427 1104 583 1175 probibere
603 1109 647 1161 est
670 1106 886 1177 praedicationis

58 1191 186 1246 verbum
203 1205 217 1246 a
234 1190 362 1248 carnalis
376 1191 443 1248 vitae
464 1192 668 1250 interfectione
688 1194 825 1251 retinere.
844 1195 887 1252 0n

61 1279 139 1335 banc
155 1279 248 1349 igitur
263 1295 391 1351 cansam,
406 1282 472 1352 quia
495 1282 606 1338 scilieet
623 1289 753 1340 sanctam
773 1284 823 1339 Dei
843 1298 888 1341 ec·

59 1367 185 1424 elesiam
201 1373 313 1424 castam
326 1381 393 1425 esse
406 1370 535 1441 volebat,
552 1370 673 1429 liberam
690 1379 778 1443 atique
789 1373 888 1429 catbo·

60 1456 158 1527 licam,
176 1457 243 1527 qnia
261 1458 296 1513 de
312 1459 479 1515 sanctuario
493 1460 543 1516 Dei
558 1461 755 1531 symoniacam
775 1466 803 1517 et
821 1476 887 1518 neo·

64 1544 223 1615 pbytorum
240 1545 365 1603 heresim
378 1554 406 1603 et
420 1548 513 1604 fedam
526 1548 689 1606 libidinosae
705 1550 887 1620 contagionis

64 1632 259 1702 pollutionem
268 1633 887 1709 volebatexpellere,menbrudiabolicepe·

940 483 985 538 vel
1003 484 1045 541 sic
1061 500 1126 542 eum
1142 487 1177 542 ab
1193 500 1292 542 eornm
1306 487 1490 557 surreptione
1506 491 1535 540 et
1551 485 1677 555 maligno
1692 502 1760 543 con·

941 572 1004 628 silio
1025 580 1204 646 segregaret,
1222 575 1379 631 admonens
1397 589 1461 631 eum
1483 578 1513 631 nt
1530 589 1580 631 eos
1595 590 1761 631 excommu-

941 661 1054 718 nicatos
1069 678 1083 718 a
1100 661 1196 734 domo,
1214 677 1228 718 a
1244 663 1386 733 convivio,
1406 665 1442 718 ab
1462 664 1538 719 oriani
1561 663 1759 719 familiaritate

940 754 968 806 et
984 752 1185 807 communione
1201 767 1251 808 sua
1272 752 1444 823 expelleret.
1462 753 1581 809 interim
1597 769 1667 809 vero
1680 753 1757 810 inva-

940 839 1070 897 lescente
1092 846 1192 897 contra
1217 857 1282 897 curn
1304 843 1448 899 Saxonum
1474 857 1570 914 causa,
1591 858 1655 898 cum
1681 843 1759 900 vires

941 928 1021 997 regni
1037 933 1067 984 et
1084 929 1217 1000 praesidia
1232 945 1248 985 a
1265 944 1296 984 se
1312 929 1425 985 videret
1442 929 1567 986 deficere
1582 929 1668 1000 velle,
1684 931 1761 1002 epis·

940 1016 1028 1071 tolam
1048 1018 1074 1071 ei
1095 1017 1201 1073 direxit
1224 1017 1384 1089 supplicem
1403 1024 1432 1072 ct
1452 1017 1616 1073 hnmilitate
1633 1017 1757 1089 plenam,

944 1105 1131 1175 penitentiam
1157 1105 1192 1160 de
1212 1106 1389 1177 perpetratis
1409 1121 1505 1175 agens,
1528 1105 1759 1162 emendationem

943 1192 1095 1263 pollicens,
1112 1197 1141 1247 et
1156 1208 1236 1248 snam
1252 1194 1278 1248 ei
1296 1194 1491 1248 obedientiam
1504 1200 1533 1248 et
1550 1192 1634 1248 tidclo
1647 1193 1760 1262 adiuto-

943 1282 1015 1337 rium
1028 1284 1129 1337 contra
1142 1280 1319 1337 rebellantes
1330 1281 1511 1352 promittens.
1521 1283 1555 1337 Et
1566 1281 1621 1337 hoc
1634 1286 1760 1352 postmo-

941 1369 1008 1424 dum
1026 1369 1129 1439 legatis
1144 1368 1207 1438 ejus
1221 1369 1380 1424 flamberto
1396 1369 1577 1424 Praenestino
1593 1374 1622 1423 et
1640 1368 1758 1425 Giraldo

943 1457 1069 1513 Ostiensi
1084 1457 1231 1528 episcopis
1246 1457 1272 1511 in
1293 1456 1408 1512 illorum
1425 1472 1526 1514 manus
1548 1473 1598 1530 per
1625 1464 1757 1514 sacratas

941 1561 1040 1602 eorum
1061 1546 1160 1613 stolas
1183 1561 1255 1616 quas
1280 1545 1355 1602 collo
1379 1547 1544 1617 gestabant,
1569 1546 1757 1617 jurejurando

941 1635 1126 1692 confirmans.
1143 1638 1250 1690 fertus
1265 1641 1362 1690 autem
1378 1635 1509 1706 epistolae
1526 1637 1581 1692 iste
1596 1642 1642 1691 est
1658 1656 1663 1689 :

61 1727 130 1776 runt
144 1722 171 1776 in
184 1735 251 1777 eum
264 1722 426 1794 insurgere,
435 1730 464 1780 et
477 1740 572 1796 usque
583 1726 618 1783 ad
634 1727 928 1805 sanguinemprae·3
979 1725 1048 1796 (fol.
1066 1725 1153 1796 toti.)
1171 1747 1184 1773 ιι
1199 1724 1426 1793 vigilantissimo
1443 1728 1472 1779 et
1488 1725 1758 1781 desiderantissimo

61 1813 253 1881 sumpserunt
266 1811 294 1867 in
310 1827 375 1868 curn
388 1828 488 1870 manus
499 1814 619 1884 inicere,
633 1820 661 1871 et
675 1819 705 1872 ut
717 1830 781 1871 enm
794 1820 887 1872 morta

61 1897 107 1954 vel
122 1897 214 1955 exilio
227 1901 452 1973 confunderent,
469 1903 569 1959 multis
589 1917 654 1960 eum
677 1904 769 1961 modis
788 1904 885 1960 conati

61 1992 128 2042 sunt
144 1987 271 2045 deicere.
285 1989 331 2045 Sic
346 1991 475 2046 surrexit
489 1991 566 2047 inter
578 2007 697 2063 regnum
709 1998 738 2049 et
753 1992 887 2049 sacerdo·

62 2075 136 2131 tium
151 2078 313 2149 contentio,
327 2080 453 2135 accrevit
474 2080 561 2137 solito
575 2082 695 2150 gravior
711 2087 820 2139 sauctae
836 2081 886 2138 Dei

61 2164 200 2221 eeclesiae
214 2165 379 2223 tribulatio.

98 2253 172 2322 (Ful.
188 2253 264 2324 tot.)
280 2255 433 2313 Heinricus
449 2257 535 2328 enim,
552 2256 677 2314 Heinriei
698 2257 885 2329 imperatoris

63 2340 151 2413 lilius,
166 2342 311 2401 adversus
324 2346 412 2402 licum
431 2349 460 2402 et
478 2352 599 2403 matrem
615 2346 741 2402 omnium
758 2347 883 2403 catholi-

61 2445 164 2486 corum
182 2432 337 2490 itomanam
349 2434 512 2490 ecclesiam
525 2435 652 2506 superbe
664 2436 804 2506 tumidus,
819 2436 885 2506 quia

63 2518 123 2573 vita
134 2518 200 2588 ejus
212 2535 300 2592 prava
313 2526 479 2579 sanctornm
491 2524 610 2580 Patrum
623 2523 751 2580 decretis
763 2528 792 2578 et
803 2539 889 2580 cano·

64 2599 901 2681 nicisaversabaturinstitutis,adversuslicumetadver·¹

63 2709 113 2750 sus
122 2695 271 2753 Christum
284 2699 346 2768 ejus
357 2699 526 2769 insurrexit,
535 2699 752 2756 aecclesiasticis
763 2701 889 2756 sanctio-

66 2782 153 2841 nibus
168 2783 257 2856 impie
273 2786 368 2843 factus
383 2787 513 2857 rebellis,
531 2789 649 2844 menbra
666 2787 774 2845 diaboli
786 2795 887 2846 contra

942 1812 1046 1869 domno
1063 1829 1143 1884 papae
1161 1813 1299 1881 Gregorio
1311 1811 1472 1883 apostoliea
1486 1812 1629 1882 dignitate
1645 1813 1759 1870 caelitus

943 1903 1091 1973 insignito,
1104 1902 1258 1958 lleinricus
1273 1902 1322 1956 liei
1338 1901 1431 1970 gratia
1445 1903 1637 1958 Romanorum
1649 1918 1700 1958 rex
1711 1903 1760 1960 do·

944 1994 995 2048 biti
1013 1993 1169 2049 famulatus
1188 1990 1387 2047 fidelissimam
1408 1989 1606 2046 exibitionem.
1625 1994 1693 2049 Cum
1714 2007 1760 2048 re-

940 2097 1027 2152 gnum
1040 2080 1281 2150 ctsaccrdotimn,
1295 2084 1322 2135 ut
1332 2079 1758 2138 inChristoriteadministrata

943 2169 1232 2239 subsistant,vicaria
1245 2168 1289 2224 sui
1302 2183 1357 2239 ope
1369 2183 1483 2239 semper
1500 2168 1657 2238 indigeant,
1676 2186 1760 2240 opor-

942 2262 984 2313 tet
999 2257 1143 2321 nimirum,
1157 2257 1272 2313 domine
1288 2257 1325 2311 mi
1337 2261 1366 2312 et
1378 2262 1460 2327 pater
1472 2257 1677 2326 amantissimo,
1692 2273 1760 2328 qua-

941 2347 1020 2403 tinus
1035 2347 1070 2401 ab
1086 2347 1206 2401 invicem
1224 2345 1338 2401 minime
1351 2345 1535 2415 dissentiant,
1548 2360 1648 2402 vorum
1662 2347 1759 2416 potius

943 2432 1050 2488 Christi
1061 2430 1693 2503 gluttinojconjnnotissimnindissolubiliter
1704 2433 1759 2488 sibi

943 2521 1109 2578 cohereant.
1123 2521 1251 2590 Namque
1262 2519 1303 2575 sic
1318 2523 1345 2573 et
1357 2533 1414 2574 non
1426 2519 1512 2574 aliter
1527 2524 1719 2577 conservatur
1730 2521 1759 2576 in

943 2607 1761 2680 vinculoperfectmearitatisetpaciS,etChristianaeon·

943 2698 1098 2755 concordia
1108 2698 1229 2753 unitatis
1242 2702 1270 2752 et
1282 2695 1481 2752 aeclesiasticae
1491 2697 1577 2753 simul
1590 2698 1760 2754 statusreli-

942 2787 1046 2858 gionis.
1064 2786 1118 2841 Sed
1135 2801 1197 2856 nos,
1216 2785 1262 2856 qui
1283 2787 1341 2841 Deo
1357 2791 1501 2841 annuente
1519 2787 1598 2855 regni
1608 2787 1760 2856 jamsorti·

65 2885 131 2928 eum
143 2873 306 2943 incitando,
319 2879 348 2930 et
360 2890 459 2932 omnes
476 2891 548 2946 qnos
558 2877 653 2948 potuit
671 2877 766 2948 minis,
778 2876 888 2934 blandi·
943 2890 1007 2931 mur
1018 2875 1221 2941 ministerium,
1234 2873 1398 2930 sacerdotio
1410 2879 1441 2930 ut
1455 2875 1586 2945 oportuit
1600 2890 1651 2946 per
1665 2876 1759 2930 omnia

65 2960 130 3029 ciis,
148 2961 326 3033 terroribus,
344 2965 514 3021 muneribus
533 2969 635 3021 contra
657 2980 722 3020 evm
738 2968 886 3038 armando,
940 2962 1761 3035 Jusetlronoremnonexibnimuslegitimunr.Quippeda·

66 3049 217 3106 tuciacum
229 3050 328 3107 ruultis
340 3052 487 3125 episcopis
499 3053 889 3125 botharieusssssmsetfrans·
944 3058 980 3109 tae
992 3053 1162 3109 nobisalieo
1171 3051 1325 3122 potestatis
1336 3051 1479 3107 vindicem
1490 3052 1617 3121 gladium
1631 3067 1684 3107 non
1697 3053 1760 3109 sine

65 3136 263 3194 rhenensibus
275 3140 500 3211 conspiratione.
514 3142 887 3214 Posito(ltid)enimadbuc
944 3157 1030 3198 causa
1052 3140 1241 3211 portavimus,
1266 3153 1318 3194 nce
1342 3145 1436 3194 tamen
1458 3140 1486 3194 in
1503 3155 1579 3198 reos.
1600 3146 1630 3195 ut
1648 3141 1759 3210 justum

66 3223 93 3278 in
103 3222 280 3281 diaconatus
295 3226 388 3282 officio
403 3227 504 3282 eodem
523 3242 594 3299 papa
612 3228 807 3299 soractissimo,
821 3245 887 3286 cum
943 3227 1173 3299 fuit,judiciaria
1188 3227 1269 3283 illum
1289 3241 1413 3282 censura
1433 3228 1659 3297 evaginavimus
1679 3230 1759 3284 Nunc

65 3311 100 3367 de
115 3325 152 3367 eo
169 3311 289 3370 sinistra
309 3319 339 3370 et
355 3314 506 3372 inhonesta
532 3317 639 3387 ubique
656 3317 784 3373 ferretur
802 3318 886 3389 fama,
942 3322 1039 3375 autem
1055 3317 1151 3394 divina
1163 3316 1569 3386 miserationealiqnantulum
1580 3318 1758 3388 compuncti,

66 3403 191 3471 propter
202 3399 381 3473 imperialem
393 3403 565 3474 dignitatem
577 3411 605 3461 et
623 3405 716 3477 patris
727 3406 887 3476 matrisque
942 3411 972 3463 et
983 3407 1011 3461 in
1027 3422 1079 3462 nos
1090 3405 1212 3473 reversi,
1229 3408 1349 3476 peccata
1366 3409 1465 3460 nostra
1478 3405 1575 3476 priora
1594 3410 1698 3461 vestrm
1720 3406 1761 3460 in·

65 3489 885 3566 reverentiam,uecnonpropterspemcorrectioniseJus,
943 3495 1173 3564 dulgentissimae
1190 3492 1359 3564 paternitati
1381 3509 1432 3548 nos
1454 3495 1619 3549 accusando
1641 3493 1762 3549 conflte-

66 3591 135 3649 sepe
147 3578 186 3633 ab
197 3592 233 3634 co
249 3578 357 3636 litteris
368 3585 396 3636 el
411 3581 513 3637 nuneis
528 3586 572 3638 est
588 3581 761 3654 admonitus,
780 3589 810 3639 ut
831 3597 889 3640 me·
944 3582 1311 3654 mur‚sperantesdevobis
1323 3582 1762 3653 inbomino,utapostolicavcs

67 3679 128 3721 mor
141 3666 431 3738 clarissimigcneris,
441 3670 715 3741 memorimperialis
726 3671 886 3744 dignitatis,
943 3675 989 3728 tra
1002 3672 1178 3727 auctoritate
1189 3669 1317 3726 absoluti
1325 3670 1481 3739 justificari
1493 3685 1664 3727 mereamur.
1682 3671 1761 3728 Eheu

66 3754 156 3810 vitam
171 3770 254 3812 suam
271 3757 401 3814 rnoribus
420 3758 542 3829 imperio
557 3760 788 3829 congruentibus
808 3761 888 3817 insti·
945 3760 1094 3816 criminosi
1121 3775 1173 3815 rios
1188 3763 1216 3814 et
1239 3758 1381 3814 infelices!
1399 3760 1504 3830 partim
1525 3761 1659 3830 pueritie
1683 3760 1763 3815 blan-

68 3848 177 3914 rueret,
194 3849 226 3901 ut
247 3858 344 3916 regem
365 3861 396 3902 se
417 3851 447 3902 et
468 3847 672 3918 imperatorem
697 3849 890 3920 moribusos·
945 3849 1053 3905 dientis
1066 3848 1360 3918 instintione,partim
1376 3848 1533 3917 potestatis
1552 3852 1658 3905 nostrae
1676 3850 1764 3920 impe·

67 3934 215 4002 tenderet,
233 3935 372 4005 operibns
391 3936 534 3991 exiberet.
551 3937 606 3992 Sed
628 3937 694 4007 qnia
715 3953 780 3994 cum
801 3941 889 3995 {etate
944 3936 1177 4006 riosalibertatc,
1192 3936 1513 4007 pertimetiameorum,
1527 3952 1649 4006 quorum
1662 3937 1764 3993 seduc-

67 4019 147 4078 illius
174 4035 289 4092 quoque
307 4023 418 4093 pariter
434 4025 527 4080 crevit
544 4025 692 4096 iniquitas,
714 4025 890 4083 sublimatus
944 4026 1012 4082 tiles
1024 4025 1142 4081 nimium
1154 4025 1271 4094 sequuti
1282 4039 1382 4081 suanus
1393 4026 1524 4093 consilia,
1537 4025 1703 4081 seductoria
1715 4027 1764 4081 de-

68 4109 94 4164 in
109 4109 216 4166 ordine
233 4111 430 4184 pontificatus,
446 4113 623 4169 auctoritate
638 4113 723 4169 oflicii
744 4115 799 4171 sibi
815 4130 891 4172 com·
944 4112 1761 4186 ceptione,!peecavimusincoelnmetcoramvobis,etjam

67 4199 149 4256 missi
168 4198 262 4257 multo
278 4200 432 4259 sollicitius
443 4203 478 4258 ad
494 4203 561 4259 vitae
577 4203 808 4261 meliorationem
824 4219 889 4261 eum
945 4203 1086 4274 digninon
1095 4216 1196 4259 sumus
1206 4201 1358 4257 vocatione
1368 4206 1472 4258 vestrae
1485 4201 1644 4257 filiationis.
1654 4203 1765 4258 Nonso

67 4287 95 4343 in
116 4288 182 4344 dies
206 4289 399 4357 hortabatur;
419 4306 483 4348 cum
509 4291 558 4347 ille
582 4292 769 4349 excusatione
794 4293 891 4351 aetatis
944 4289 1003 4349 lum
1015 4292 1090 4349 enim
1107 4306 1160 4347 nos
1177 4305 1224 4346 res
1239 4289 1465 4348 aecclesiasticas
1481 4291 1650 4363 invasimus,
1663 4305 1764 4349 verum

67 4377 154 4432 buxae
171 4382 202 4432 et
214 4378 325 4448 fragilis
336 4379 544 4437 dedicindiem
556 4381 663 4437 monita
675 4381 739 4452 ejus
750 4396 781 4439 se
792 4397 890 4440 susee—
945 4379 1381 4453 quoqneindignisquibuslibet
1391 4384 1420 4435 et
1434 4379 1603 4451 symoniaco
1612 4381 1679 4437 felle
1689 4395 1765 4437 ama·

68 4468 190 4538 pturum
203 4467 304 4524 verbis
320 4468 436 4539 quidem
456 4470 653 4543 promitteret,
665 4475 796 4528 ceterum
810 4487 841 4529 re
860 4478 890 4530 et
904 4441 931 4502 D
946 4469 1089 4540 ricatiS,et
1099 4467 1511 4540 nonperostiumsedaliunde
1521 4469 1764 4541 ingredientibus,

67 4554 297 4624 exaggeratione
311 4555 474 4628 culparum,
492 4557 568 4614 malo
591 4573 691 4615 eorum
713 4559 741 4614 in
768 4574 891 4631 quorum
946 4559 1097 4617 aecelesias
1112 4557 1191 4629 ipsas
1203 4555 1396 4627 vendidimus,
1413 4561 1440 4612 et
1454 4572 1510 4614 non
1521 4572 1571 4614 aas
1589 4561 1619 4615 ut
1631 4558 1766 4630 oportuit

67 4656 173 4700 manus
186 4643 266 4700 curia
278 4645 482 4717 cratconsilio,
492 4647 811 4718 penituseoneulcaret.
821 4649 892 4707 Illuc
949 4647 1139 4704 defendimus.
1148 4645 1411 4717 dtnunc,quiasoli
1420 4646 1766 4718 absquevestraauctori·

65 4731 124 4802 jam
137 4730 299 4804 proclivior
314 4734 408 4791 factus
420 4735 456 4791 ad
468 4735 590 4804 scelera,
605 4750 737 4808 praeceps
748 4738 893 4809 praecipiti
949 4741 1010 4794 tato
1020 4735 1328 4805 aecclesiascorrigere
1337 4750 1393 4790 nou
1406 4750 1663 4807 possumus,super
1673 4735 1766 4805 his,ut

68 4821 275 4879 ususconsilio
287 4823 495 4896 ferebaturper
515 4824 609 4882 devia.
632 4825 731 4882 Visum
748 4829 791 4882 est
812 4841 894 4899 papae
912 4818 913 4823 ’
949 4825 1079 4882 etiamde
1091 4823 1724 4895 nostrisomnibus,vcstrumunaconsilium
1736 4826 1767 4880 ct

70 4909 255 4982 beatissimo,
272 4915 303 4968 ut
325 4911 484 4969 familiares
504 4913 578 4985 eius,
603 4929 726 4985 quornm
750 4915 894 4972 machina·
949 4913 1760 4985 auxiliumobnixequerimus;vestrumpraeceptumstu·

68 4997 205 5056 sionibus
217 5013 269 5072 per
280 4999 467 5073 episcopatus
477 5006 507 5059 ct
518 5003 694 5060 monasteria
706 5003 835 5062 induetis
844 5005 893 5076 Sy·
947 5003 1109 5061 diosrssimc
1121 5003 1288 5059 servabitur
1300 5003 1328 5059 in
1340 5002 1484 5059 omnibus.
1496 5001 1765 5075 Etnuncimprimis

68 5085 288 5161 moniacelupis
297 5104 350 5161 pro
360 5090 539 5163 pastoribus,
551 5090 685 5149 ecclesia
697 5089 892 5151 innocentiam
948 5092 1122 5151 deecclesia
1133 5091 1349 5162 Mediolanensi,
1358 5089 1768 5162 quaeuostraculpsinerrore

68 5173 169 5234 heresi
184 5177 307 5234 nefanda
324 5179 484 5252 fedaverat,
496 5179 532 5236 ad
547 5180 748 5251 poenitentiam
759 5187 889 5255 vocaret,
946 5187 1003 5255 est,
1012 5196 1157 5253 rogamus,
1168 5185 1199 5240 ut
1208 5184 1307 5238 vestra
1317 5178 1671 5252 apostolicadistrictioue
1681 5195 1769 5240 cano·

68 5264 225 5325 veuientea
234 5267 412 5342 susciperet,
420 5270 823 5342 respuentesacommunioue
832 5286 893 5331 cor·
948 5273 1012 5331 uice
1026 5270 1204 5343 corrigatur,
1220 5273 1250 5326 et
1266 5267 1370 5328 exinde
1385 5267 1421 5327 ad
1434 5274 1559 5328 caeteras
1577 5269 1769 5341 corrigendas

863 5395 974 5455 NOTAE.

102 5491 181 5566 (tto)
198 5489 303 5550 Potito
314 5521 351 5534 -
364 5491 545 5575 conflacione
559 5505 597 5550 ex
617 5490 894 5575 epistola-Gregorii
950 5492 1122 5552 annalistam
1133 5491 1276 5550 Saxouem
1287 5491 1768 5554 etbernriananmnrssamamr.

68 5561 105 5621 ad
129 5565 300 5635 Germanos,
325 5576 390 5635 qna
413 5578 442 5620 m
462 5563 565 5623 codice
588 5562 717 5621 lidalnm
736 5566 799 5637 tto,
817 5565 895 5638 apud
950 5563 1323 5637 CfBertbolduma.107tt.
