3788 6000
94 193 155 254 8⁹29

724 184 973 255 CHRONICON.
991 226 1027 236 -
1043 189 1120 254 LlB.
1136 187 1174 254 11.

1626 169 1799 278 ¹‘sao

89 323 265 395 desperatus
284 321 329 378 vel
347 324 479 381 perditus
500 325 708 394 13133133331,
730 324 779 398 qui
804 326 918 382 neutra·
932 316 960 377 Α
974 325 1068 383 omnis
1084 326 1273 397 christianus,
1286 332 1373 400 caput
1391 329 1564 388 antichristo
1576 333 1726 407 inclinare,
1740 341 1800 392 sta·

89 413 170 481 gium
187 412 251 469 lidei
269 413 369 469 suhirc
385 413 536 482 deligeret,
555 418 654 485 preter
667 427 733 470 eum
749 418 851 472 solum.
864 415 917 482 Qui

90 499 213 570 idcirco,
229 501 385 571 oredimus,
403 502 567 557 antichristi
579 502 875 576 negociumlsuscepit
887 508 918 560 ut

90 588 205 645 ruinam
229 589 498 661 archiepiscopatus
522 590 730 656 Raveunensis,
758 607 842 662 quem
868 608 919 664 pro

90 678 155 734 suis
167 679 339 734 criminibus
348 679 450 734 eodem
462 679 602 748 Gregorio
614 679 921 752 praesidentesynoda-

88 767 109 822 li
134 767 245 836 jndicio
272 766 449 838 perdiderat,
474 767 661 838 susceptione
684 766 774 823 ohlati
799 769 920 841 periculi

90 859 307 927 compensaret.
321 856 429 911 Aderat
441 855 468 910 in
479 861 624 911 conventu
637 856 687 912 illo
702 857 921 927 malignantium

91 943 203 1001 multus
213 958 352 1000 numerus
363 943 595 1015 dampnatorum,
609 960 683 1014 quos
697 945 733 1000 33
749 960 922 1017 persequen-

90 1033 161 1089 dum
178 1037 338 1089 amatorem
352 1032 474 1101 justitie
486 1033 709 1089 communicatio
723 1034 875 1090 criminum
892 1039 921 1090 ct

91 1135 176 1177 antor
192 1119 333 1192 principis
354 1118 497 1189 illexerat,
520 1134 584 1176 31113
610 1120 703 1178 solum
731 1122 840 1177 invenit
863 1122 923 1177 dia.

91 1207 181 1266 holus
195 1209 417 1280 promptiorem,
435 1209 480 1264 cni
499 1209 622 1266 malicias
639 1225 699 1266 suae
715 1225 828 1268 arranem
844 1212 922 1282 prin-

90 1298 221 1369 cipatum
240 1299 448 1355 committeret.
466 1299 599 1371 Suscepit
616 1300 714 1371 itaque
731 1300 828 1357 sedem
846 1305 923 1357 sata·

90 1401 148 1458 uae,
165 1391 195 1442 et
212 1387 239 1442 in
257 1387 377 1443 catedra
403 1388 581 1459 pestilentias
610 1388 795 1459 sublimatus,
821 1389 923 1461 impio-

92 1490 158 1531 rum
176 1480 288 1531 urentes
304 1476 338 1531 ad
354 1477 578 1547 expugnandum
596 1490 699 1532 nornen
720 1478 830 1533 Domini
856 1492 922 1532 exa·

90 1565 211 1634 euehat,
231 1565 326 1621 laetus
339 1565 475 1620 omnihus
487 1568 566 1623 fovea
581 1565 730 1636 peccandi.
744 1567 812 1632 Quae
825 1570 921 1623 autem

974 418 1053 471 tuam
1071 429 1156 487 quam
1177 416 1445 475 Nabuchodonosor
1463 421 1558 476 erexit
1583 421 1716 497 adorare,
1743 427 1799 483 sic·

975 516 1030 574 que
1048 518 1077 560 se
1094 504 1186 576 ipsius
1200 505 1395 563 heresiarchae
1411 507 1659 580 perniciosissimo
1684 515 1801 580 anatho,

975 593 1043 648 meti
1059 593 1209 651 innodare.
1227 597 1296 650 Nam
1313 596 1486 668 quicumque
1507 598 1548 653 illi
1572 600 1728 676 obedierit,
1751 608 1800 677 qni

976 680 1070 737 dixit:
1088 706 1101 731 a
1117 685 1221 739 Ponam
1238 684 1335 740 sedeur
1351 700 1442 741 meam
1458 687 1492 742 ad
1508 687 1682 762 aquilonem,
1704 698 1733 748 et
1750 710 1800 752 ero

977 771 1082 827 similis
1098 772 1251 843 altissimo,
1268 795 1280 819 a
1297 773 1463 829 certissime
1480 774 1507 830 in
1533 782 1671 835 aeternam
1702 781 1800 854 damp-

977 860 1123 916 nationem
1141 860 1192 915 ihil
1209 875 1273 916 eum
1291 861 1372 932 ipsis.
1386 864 1485 918 brnen.
1503 884 1517 916 3

1013 951 1070 1004 1133
1088 952 1155 1005 3331
1171 948 1206 1004 33
1218 950 1362 1005 Withcrto
1375 952 1535 1009 chehardi
1548 953 1797 1027 salzeburgensis,

977 1036 1031 1093 viri
1050 1037 1149 1107 utique
1165 1036 1326 1093 doctissimi
1344 1044 1373 1094 et
1393 1041 1544 1109 autentici,
1564 1043 1674 1115 scripta
1695 1046 1800 1102 veridi-

976 1140 1020 1195 ca,
1037 1126 1142 1196 quibus
1159 1125 1260 1196 utique
1275 1125 1372 1183 nullus
1386 1142 1451 1183 cum
1464 1127 1580 1196 justitia
1597 1133 1716 1190 obviare
1729 1150 1801 1206 prae-

977 1214 1064 1270 valet.
1081 1217 1187 1270 Extant
1201 1218 1229 1269 et
1246 1215 1301 1269 alia
1317 1216 1380 1285 ejus
1395 1216 1504 1287 scripta
1519 1219 1697 1277 auctoritate
1707 1227 1737 1278 et
1753 1238 1801 1280 ve·

979 1303 1066 1359 ritate
1095 1303 1227 1374 subnixa,
1254 1319 1318 1374 qum
1343 1321 1394 1376 pro
1420 1306 1474 1360 riri
1500 1309 1604 1364 merito
1629 1316 1800 1368 reverenter

978 1391 1106 1448 fidelium
1123 1393 1246 1448 honorat
1270 1396 1299 1448 et
1328 1393 1510 1464 amplexatur
1535 1396 1678 1454 aecclesia.
1705 1400 1798 1473 (1081,

977 1480 1059 1536 Mart.
1077 1479 1133 1550 31.)
1150 1480 1192 1535 hb
1207 1482 1261 1537 hoc
1278 1481 1376 1552 itaque
1391 1482 1532 1555 Wiherto,
1550 1485 1609 1541 sale
1634 1487 1735 1558 utique
1758 1489 1800 1545 in-

979 1571 1099 1640 latuatu,
1117 1570 1270 1627 lleinriuus
1285 1586 1421 1627 coronant
1438 1574 1568 1644 suscepit
1594 1576 1717 1648 imperii,
1743 1580 1800 1635 133-

93 1653 185 1709 luerit
210 1653 274 1723 ejus
306 1654 450 1725 promotio
471 1669 522 1710 seu
548 1653 747 1724 intronizatio,
776 1654 921 1725 quomodo
936 1676 962 1735 B
978 1663 1025 1715 tus
1042 1658 1141 1714 inlelix
1156 1660 1316 1716 membrum
1332 1659 1412 1716 illius
1427 1661 1475 1732 qui
1492 1667 1538 1718 est
1559 1679 1609 1720 rex
1632 1676 1720 1737 super
1742 1682 1801 1724 om·

93 1742 218 1798 adhunc
235 1743 428 1814 dejectionem
446 1748 474 1800 et
492 1759 576 1814 qnam
589 1743 801 1815 precipitanter
822 1758 923 1800 ascen-

93 1831 184 1901 derit,
197 1836 250 1888 eta
263 1831 368 1902 quihus
379 1837 535 1888 execratus
546 1833 595 1901 sit,
609 1846 709 1901 quasve
721 1846 821 1888 eornm
834 1832 921 1888 luerit

93 1919 156 1974 vita
167 1920 212 1975 vcl
226 1921 419 1989 conuersatio
432 1919 542 1990 etquid
556 1920 591 1975 dc
603 1919 739 1975 ordinato
749 1919 794 1974 vel
811 1919 924 1976 ordina.

93 2008 213 2065 toribus
224 2008 288 2078 ejus
300 2009 483 2064 sentiendum
496 2009 544 2078 sit,
565 2007 752 2064 Gerebardus
771 2007 923 2065 salzebur-

93 2097 197 2166 gensis
210 2097 377 2169 cpiscopus,
395 2098 479 2167 cuins
499 2098 558 2153 1113
582 2095 731 2168 33333133
752 2098 924 2169 cratlhono-

95 2202 172 2257 rum,
187 2188 386 2257 interrogatus
403 2187 509 2244 edicat.
528 2189 576 2243 hit
591 2187 666 2243 enim
688 2187 821 2244 scribens
844 2188 924 2243 Meri·

95 2290 204 2333 manno
219 2277 352 2333 Mettensi
368 2277 523 2349 episcopo:

138 2389 148 2418 1
166 2367 197 2421 G.
215 2365 458 2436 Salzehurgensis
486 2369 644 2441 episeopus
659 2374 691 2428 H.
707 2373 842 2430 Mettensi
864 2375 923 2447 epi·

978 1762 1029 1804 nes
1045 1746 1121 1804 tilios
1138 1748 1294 1819 superbie,
1312 1748 1479 1820 suscipiens
1494 1751 1531 1806 ah
1551 1750 1601 1807 illo
1622 1751 1802 1811 maledictio·

978 1852 1042 1893 nem
1057 1851 1109 1908 pro
1127 1837 1349 1903 henedictione;
1371 1844 1400 1893 et
1425 1839 1541 1909 quidem
1566 1840 1639 1897 satis
1661 1856 1799 1912 congrue.

978 1928 1046 1982 Nam
1063 1925 1169 1995 dignus
1183 1931 1257 1994 erat,
1273 1930 1303 1982 et
1324 1941 1376 1997 pro
1396 1926 1507 1983 meritis
1532 1932 1596 1985 acta
1627 1943 1674 1986 res
1694 1936 1749 2002 331,
1768 1936 1799 1989 31

980 2013 1799 2091 talisrextalempapaminstitueretetaheodemipseco

979 2118 1076 2159 ronam
1085 2103 1442 2175 ignominiaeetsceptrum
1455 2104 1607 2162 dedecoris
1622 2107 1795 2180 susciperet.

1014 2192 1075 2258 (131.
1095 2191 1166 2263 luth)
1182 2192 1324 2248 Defuncto
1340 2207 1391 2264 per
1407 2193 1435 2248 id
1452 2194 1593 2265 temporis
1614 2195 1799 2266 Lugduneusi

979 2280 1199 2352 archiepiscopo
1210 2281 1334 2337 Gihuino
1343 2281 1428 2353 (183),
1441 2296 1506 2337 cum
1516 2283 1595 2341 varia
1604 2284 1799 2354 quorumdum

978 2375 1056 2426 esset
1071 2369 1188 2440 electio,
1205 2369 1328 2426 domnus
1341 2371 1422 2438 Hrrgo
1433 2370 1548 2426 Iliensis
1560 2372 1717 2444 episcopus
1727 2373 1803 2430 elec·

43 2527 47 2538 ,
94 2453 921 2528 scoposalutenr.ll'ihertusquondamRavennasarchie.
979 2458 1802 2532 1103101811111110111111,11110111116011113311310113·

95 2546 238 2618 piscopus
253 2559 318 2600 cum
335 2544 641 2618 obedientiam,quam
664 2553 834 2621 apostolicae
860 2551 922 2609 sedi
978 2547 1053 2604 mani
1078 2548 1224 2619 pontilicis
1250 2548 1278 2604 in
1303 2547 1553 2621 archiepiscopum
1580 2550 1800 2619 Lugdunensem

92 2636 262 2706 iuramento
276 2634 461 2705 promiserat,
481 2651 534 2691 non
556 2638 719 2712 attendere,
745 2641 797 2697 sed
821 2648 922 2700 contra
979 2637 1798 2712 313313133331333313331331133131133113110811183).

96 2727 190 2798 ipsam
207 2723 381 2779 omnimodis
396 2726 550 2794 superbire
565 2726 740 2800 studuisset,
754 2731 782 2786 in
795 2732 922 2788 Romana
979 2726 1079 2783 adhuc
1094 2727 1170 2783 enim
1185 2726 1321 2782 11331333
1336 2726 1401 2782 urbi
1418 2726 1540 2783 doninus
1556 2728 1714 2797 Gregorius
1729 2744 1802 2802 prae-

97 2814 211 2887 syuodo
228 2813 504 2884 inrecuperabiliter
529 2815 680 2887 depositus
703 2822 733 2875 et
759 2821 924 2876 anathema·
979 2820 1053 2886 crat,
1083 2829 1256 2886 quamquam
1281 2814 1518 2871 wibertistarum
1540 2816 1598 2886 jam
1621 2822 1701 2873 esset
1725 2819 1801 2875 lacta

96 2906 210 2961 tizatus
221 2906 267 2959 est
281 2903 317 2957 ah
328 2901 489 2973 apostolica
503 2904 573 2959 sede
585 2909 613 2961 et
625 2908 661 2962 ah
672 2908 821 2980 episcopis
832 2910 925 2967 totius
979 2904 1169 2977 conspiratio,
1187 2918 1243 2959 333
1257 2908 1363 2959 tamem
1380 2904 1535 2974 promotio.
1554 2905 1606 2961 Ubi
1617 2920 1688 2962 vero
1698 2910 1728 2962 31
1737 2921 1802 2978 pro·

97 2991 925 3069 aecclesiamnechocsemelinuuasynodo‚sedjnom.
981 2991 1070 3046 nautio
1086 2989 1149 3058 ejus
1164 2989 1349 3046 execratione
1364 3004 1416 3046 sua
1432 2988 1480 3046 illa
1510 2992 1593 3060 quasi
1618 2992 1800 3049 auctorizata
1867 3054 1873 3067 ,

98 3082 186 3138 nibus
210 3080 338 3152 synodis,
364 3087 510 3152 quotquot
524 3083 582 3152 iarn
598 3086 751 3155 septennio
767 3087 864 3145 Romae
880 3101 926 3144 ce·
980 3085 1035 3160 Ι331,
1052 3083 1081 3135 31
1093 3078 1254 3149 judicatum
1271 3083 1314 3134 est
1331 3078 1367 3134 ab
1383 3078 1479 3150 impiis
1491 3082 1518 3133 et
1548 3081 1674 3150 perjuris
1698 3081 1797 3138 hostili

96 3170 220 3229 leoratae
237 3175 314 3228 sunt.
332 3171 383 3226 ute
399 3171 540 3240 igiturne
558 3173 583 3227 13
598 3173 734 3243 perjuriis
746 3174 926 3232 inveteratus
982 3184 1067 3225 uranu
1081 3168 1199 3223 Romam
1213 3166 1447 3238 aggrediendam,
1464 3172 1495 3225 ut
1521 3182 1604 3239 naua,
1631 3170 1679 3240 qui
1703 3170 1803 3243 populi

94 3266 126 3318 et
143 3274 196 3332 pro
206 3259 315 3316 eisdem
333 3259 610 3330 inrecuperabiliter
627 3262 781 3334 depositus
807 3269 835 3320 et
861 3280 928 3321 ana·
982 3258 1124 3328 obsequio
1140 3261 1169 3312 et
1184 3270 1281 3312 amore
1296 3272 1361 3313 cum
1383 3257 1477 3326 gratia
1507 3257 1555 3313 Dei
1580 3259 1801 3332 protegebatur,

93 3349 314 3419 thematizatus,
327 3347 552 3405 sedemllomani
561 3350 717 3422 pontilicis,
734 3352 780 3409 cui
792 3353 929 3410 obedien.
983 3363 1048 3405 cum
1061 3346 1164 3416 iniuria
1176 3350 1205 3401 et
1216 3345 1359 3402 dedecore
1369 3359 1383 3401 a
1392 3345 1459 3403 3333
1468 3346 1697 3419 propelleretur:
1708 3348 1802 3421 (1383)

92 3439 166 3495 tiam
179 3437 299 3507 juravit,
313 3452 476 3508 permanus
487 3437 811 3513 anathematizatorum,
825 3447 929 3515 utpote
983 3450 1111 3508 eousque
1127 3450 1178 3491 rex
1192 3434 1318 3505 devenit,
1331 3439 1360 3490 ul
1375 3449 1426 3490 rex
1440 3450 1504 3492 curn
1517 3450 1589 3508 papa
1601 3451 1653 3493 sno
1673 3437 1804 3495 exercitu

93 3527 141 3586 sui
157 3526 309 3595 similium,
328 3526 448 3595 invasit,
472 3525 603 3596 legitimo
629 3532 747 3600 pastore
771 3529 866 3586 adhuc
890 3532 929 3586 ei.
984 3524 1187 3583 innumerabili
1205 3522 1581 3596 tultnsllonramtenderet,
1597 3531 1625 3581 et
1643 3526 1669 3580 in
1699 3527 1805 3584 itinere

94 3615 163 3673 dem
187 3615 251 3672 sedi
276 3616 465 3686 praesidente.
492 3616 585 3686 (1083)
611 3619 745 3688 ipsorum
763 3625 860 3676 autem
881 3634 929 3675 ex.
984 3618 1128 3686 quotquot
1145 3617 1258 3685 poterat
1276 3613 1311 3669 ad
1327 3612 1503 3670 adorandam
1519 3618 1656 3684 statuam,
1673 3617 1702 3670 et
1720 3615 1748 3670 in
1773 3629 1806 3673 ea

94 3705 379 3764 communicatorum
391 3702 563 3760 nullusenm
576 3720 761 3777 consecrare,
773 3707 929 3780 relpotins
984 3703 1136 3774 imaginem
1153 3702 1254 3760 333113
1270 3701 1473 3774 compellebat.
1495 3702 1550 3759 Sed
1579 3703 1664 3759 morlo
1680 3703 1806 3760 mirabili

94 3809 239 3853 execrare
252 3793 453 3865 presumpsit,
473 3800 580 3865 preter
596 3794 788 3852 Mutinensem
812 3802 842 3853 et
868 3798 930 3854 hri·
985 3807 1042 3863 quo
1059 3792 1124 3864 plus
1140 3790 1177 3847 ad
1190 3791 1361 3864 explendam
1387 3792 1514 3862 prolanae
1535 3792 1640 3849 mentis
1660 3791 1808 3849 vesaniam

98 3882 214 3940 thiuum
229 3881 432 3954 exepiscopos,
450 3882 497 3953 qui
515 3885 599 3938 aruho
615 3900 667 3954 pro
683 3886 744 3942 suis
758 3886 930 3944 criminibus
986 3882 1144 3941 terebatur.
1161 3896 1196 3938 eo
1211 3881 1331 3951 gravius
1345 3880 1527 3938 deiciebatur
1542 3885 1569 3937 et
1599 3882 1810 3939 dehonestaba-

95 3971 158 4043 J'am
177 3970 259 4028 anuis
274 3971 372 4027 trihus
387 3969 481 4026 otilcio
497 3976 526 4026 31
542 3973 746 4030 3333331333
762 3979 927 4032 caruerant.
986 3975 1044 4027 tur.
1062 3970 1225 4041 Aliquando
1239 3970 1315 4025 enim
1332 3984 1465 4039 magnum
1480 3975 1542 4026 erat
1561 3971 1584 4026 si
1605 3971 1671 4041 quis
1699 3971 1810 4040 regium

98 4059 158 4116 Sed
167 4059 206 4116 hii
218 4059 305 4116 etiarn
316 4059 340 4115 si
351 4058 476 4115 officium
488 4064 515 4114 31
529 4062 762 4119 communionem
777 4063 930 4135 haherent,
986 4058 1117 4116 osculum
1133 4060 1309 4128 merehatur,
1325 4063 1441 4127 gratum
1458 4058 1482 4114 si
1500 4059 1565 4129 quis
1581 4059 1703 4128 vestigia
1729 4074 1811 4131 papae

99 4152 132 4205 31
157 4148 284 4205 Romana
309 4148 396 4204 sedes
422 4154 541 4219 pastore
558 4154 691 4221 vacaret,
709 4150 819 4208 nullum
834 4157 931 4210 tamen
987 4146 1180 4206 oscularetur.
1200 4147 1279 4201 Nunc
1303 4160 1387 4203 versa
1412 4147 1474 4202 vice
1501 4161 1608 4216 rerum,
1637 4147 1812 4217 quicumque

100 4235 603 4308 313331333133311333331313313
616 4244 746 4311 possent.
760 4241 931 4313 Huiusenim
988 4237 1126 4293 iuventus
1139 4235 1253 4305 luisset,
1267 4235 1432 4305 tenebatur,
1441 4238 1585 4291 necantes
1595 4234 1811 4307 dimittebatur,

99 4324 932 4402 ordinationisprivilegiumsoliscardinalibusepiscopis
988 4325 1045 4383 nisi
1061 4325 1154 4398 primo
1164 4323 1266 4396 pedem
1280 4323 1419 4396 paparelli
1430 4323 1509 4380 illius
1520 4322 1717 4393 oscularetur,
1730 4328 1758 4380 et
1769 4325 1812 4380 313

102 4414 275 4486 albanensi,
293 4415 431 4486 Ostiensi,
447 4417 615 4489 Portuensi,
633 4433 647 4474 a
664 4418 773 4475 sanctis
798 4420 933 4492 patribus
947 4386 975 4448 D
989 4414 1104 4471 demum
1116 4412 1479 4486 osculoregispotiehatur
1494 4413 1814 4470 :utessetinamhohus

101 4509 150 4561 est
165 4517 347 4560 concessum.
361 4505 437 4575 Ergo
454 4506 625 4562 Mutinensis
646 4511 674 4563 et
700 4507 853 4580 hrithinus
874 4509 934 4581 epi·
989 4503 1167 4576 equipartita
1195 4502 1311 4574 injuria,
1340 4517 1440 4560 verum
1465 4502 1544 4572 regis
1573 4507 1655 4559 tanto
1685 4502 1812 4573 grauior,

104 4592 190 4665 scopi
202 4591 285 4663 juxta
301 4593 502 4651 testimonium
517 4595 692 4652 sanctissimi
703 4597 934 4669 papaelnnoceu·
990 4596 1099 4665 quanto
1115 4590 1161 4647 hic
1176 4591 1260 4663 cujus
1275 4591 1400 4662 pedihus
1420 4589 1628 4658 inclinabatur,
1653 4595 1717 4647 erat
1743 4591 1813 4648 dete

104 4682 214 4740 111333
240 4680 484 4755 benedictionem,
515 4683 566 4740 sed
589 4683 823 4757 dampnationem
848 4702 933 4758 quam
990 4683 1057 4740 rior.
1076 4682 1236 4750 Quaeenim
1254 4683 1345 4755 major
1359 4695 1424 4738 esse
1449 4684 1545 4754 potest
1574 4681 1697 4748 insania,
1727 4694 1813 4751 quam

104 4769 274 4832 hahuerunt
289 4786 343 4829 suo
358 4772 517 4829 Ravennati
529 4773 678 4846 imponere
691 4780 848 4848 potuerunt
862 4795 869 4845 ;
881 4790 934 4833 nec
988 4773 1082 4830 virum
1099 4771 1207 4829 litteris
1221 4770 1350 4842 adprime
1361 4768 1520 4839 eruditum,
1534 4766 1698 4840 disciplinis
1715 4768 1818 4826 33313·

105 4860 234 4921 illumin
250 4860 409 4917 Romanum
427 4862 633 4935 patriarcham,
649 4863 700 4921 scd
720 4865 748 4921 in
773 4864 936 4939 perditissi·
990 4860 1118 4920 siasticis
1142 4861 1294 4930 imbutum,
1321 4859 1483 4917 sanctionis
1504 4856 1724 4915 ecclesiasticae
1758 4872 1817 4915 non

105 4964 185 5010 mum
209 4950 427 5008 heresiarcham
451 4957 670 5024 promoverunt.
707 4955 810 5013 Caveat
845 4955 936 5026 igitur
991 4954 1123 5025 ignarum
1140 4955 1287 5008 tenentem
1301 4949 1331 5007 in
1346 4948 1480 5008 aeoclesia
1498 4960 1608 5020 magnae
1620 4945 1773 5017 dignitatis
1785 4953 1816 5004 ot

901 5069 1013 5128 NOTAE.

143 5167 219 5250 (1811)
235 5181 271 5223 xv
287 5165 406 5223 11313311.
435 5167 497 5223 11311
522 5168 667 5241 depositio
692 5169 719 5226 d.
748 5169 869 5225 Gchnini
893 5184 938 5225 ar·
994 5166 1108 5238 Scripta
1137 5170 1180 5223 est
1205 5163 1329 5237 epistola
1354 5179 1368 5219 a
1395 5162 1520 5234 138331
1548 5163 1630 5233 Hugo
1652 5178 1678 5220 a.
1705 5164 1774 5218 1088
1789 5155 1822 5217 cl

104 5236 291 5320 chlepiscopi
308 5238 507 5309 Lugdunensis
528 5240 635 5310 legitur
658 5242 685 5296 iu
711 5241 885 5311 Necrulcgio
910 5241 937 5294 S.
996 5240 1115 5295 incunte
1136 5239 1253 5309 quidem
1282 5240 1473 5316 consecratus
1504 5238 1547 5291 est
1582 5233 1822 5308 archiepiscopus

107 5310 230 5382 Benrgui
246 5310 443 5367 Divionensis.
460 5312 491 5365 11.
998 5309 1211 5380 Lugdunensis,
1229 5309 1307 5379 quod
1321 5312 1351 5363 et
1366 5310 1459 5363 veteri
1475 5307 1598 5377 quadam
1625 5306 1726 5364 charta
1743 5305 1824 5360 recte

145 5381 222 5453 (183)
238 5382 270 5437 13
286 5380 395 5439 11113313
410 5380 541 5452 Registr.
559 5383 600 5453 lx,
622 5387 665 5452 18,
692 5398 720 5439 nr
746 5381 864 5439 llalend.
889 5380 944 5439 No·
998 5380 1152 5451 collegisse
1167 5380 1308 5438 videntur
1323 5383 1461 5437 auctores
1472 5378 1543 5436 Gall.
1562 5377 1680 5449 Cluist,
1695 5382 1764 5434 tom.
1777 5372 1822 5444 lV,

108 5453 206 5510 vemh.
224 5451 262 5509 ad
278 5453 427 5524 Mugouem
442 5454 521 5511 33113
536 5459 635 5512 munet
658 5455 817 5583 Gregorius
838 5469 874 5512 33
901 5469 945 5512 re·
1001 5455 1062 5510 109.
1080 5454 1111 5511 M.

107 5525 210 5597 gimcu
241 5524 444 5597 Lugdunensis
469 5524 608 5584 83313313
639 5539 708 5584 3333
731 5539 781 5584 erc
816 5525 945 5587 dubitet.

275 5622 406 5690 Purser..
422 5622 529 5690 cuv.
1304 5710 1307 5715 Ι
1417 5636 1421 5641 ·
1671 5616 1705 5679 11
