3788 5992
43 182 100 251 tot
661 180 911 249 CHHONICON.
935 215 974 232 κ-
996 180 1074 246 Llu.
1096 183 1134 250 ll.
1686 192 1747 264 bbg
1811 123 1815 131 Ι

45 312 81 368 ad
99 310 206 369 altiora
233 325 325 383 peruia
340 310 504 371 devotionis
519 313 737 384 sustolleretur,
754 318 782 369 et
799 327 868 370 con·
882 312 911 374 Α
926 312 999 369 rium
1014 318 1043 369 et
1060 313 1257 385 Godeirldurn,
1278 322 1308 373 et
1329 317 1416 374 dilarn
1442 320 1575 394 odiliam,
1602 342 1665 397 quae
1691 331 1747 387 suit

46 405 211 471 temptores
222 398 321 456 mundi
332 400 533 472 suimetipsius
545 403 739 473 abnegatores
751 402 869 458 mirare·
926 400 1075 457 abbatissa
1086 401 1257 460 ancillarum
1269 405 1319 461 ilci
1332 406 1359 461 in
1372 410 1550 466 monasterio
1560 417 1669 470 sanetae
1680 417 1747 476 Odi-

46 491 106 559 tur,
117 489 268 558 Deumque
281 487 308 542 in
321 488 411 559 ligura
423 490 520 546 erucis
531 490 657 562 positum
667 496 868 559 veneraretur,
928 486 984 544 liae.
998 488 1105 545 llahuit
1116 494 1146 545 et
1157 490 1243 546 alium
1254 494 1458 551 exconcubina
1470 495 1558 552 hlium
1571 500 1684 559 nomine
1696 506 1748 563 Go-

47 591 194 648 sequaces
211 589 282 632 suos
297 577 332 633 ad
349 591 380 633 se
394 577 565 635 inritantem
581 584 611 636 et
625 580 770 636 dicentem
788 597 794 633 :
815 578 872 643 Qui
929 576 1083 633 defridum.
1101 579 1275 637 Godefridus
1290 596 1361 640 vero
1376 583 1434 640 dux
1446 583 1473 640 in
1486 585 1596 643 divitiis
1610 593 1640 645 et
1654 591 1747 663 gloria

45 664 301 735 arihimiaiairet,
313 667 513 738 assequatur
528 668 626 740 (Joae.
640 684 688 739 ιιι,
701 669 770 738 ab),
784 680 873 723 reme·
931 665 1041 736 absque
1058 665 1159 724 liberis
1171 671 1335 727 consenuit.
1354 672 1460 728 Gezele
1476 677 1573 730 autem
1588 675 1646 733 dux
1662 680 1751 739 Gode·

47 768 170 810 morans
196 754 389 826 quia'parum
415 759 492 811 esset
514 755 681 813 ministrare
698 756 828 824 bordino,
845 754 873 809 in
932 753 1146 824 fridurnhlium,
1160 757 1434 830 quiacccptauxore
1448 760 1591 820 Boneiacii
1603 769 1751 837 postcafa·

47 859 108 914 quo
125 842 205 900 nulla
225 847 305 900 essct
325 843 475 916 perfectio,
493 845 547 901 nisi
564 849 593 901 ct
609 848 784 917 sequeretur
798 857 873 912 curii,
933 846 998 898 ctus
1009 847 1054 899 est
1067 845 1205 915 marchio,
1218 846 1354 905 heredem
1367 848 1494 920 reliquit.
1512 852 1570 909 liae
1586 867 1656 925 crgo
1667 871 1753 927 genc-

49 931 161 1003 delegit
178 933 236 989 Deo
254 931 365 990 litanias
387 932 537 1004 adherere,
560 933 694 1005 quoniam
710 935 874 1001 bonusest,
934 943 997 986 rosa
1010 931 1102 1003 stirpe
1110 934 1359 994 creatusdoumus
1371 936 1753 1010 fridericusinsuhlimila-

48 1024 80 1076 et
94 1021 174 1077 beati
186 1022 235 1092 qui
248 1027 369 1094 sperant
382 1021 408 1077 in
421 1037 497 1079 eum.
509 1023 592 1094 Cepit
604 1023 694 1093 igitur
705 1021 784 1092 larga
792 1017 876 1077 rnauu
934 1021 963 1074 te
977 1019 1118 1076 frenorum
1135 1022 1260 1092 positus,
1283 1037 1484 1082 mensurarum
1504 1041 1620 1085 suarum
1646 1029 1754 1090 limites
1840 1048 1847 1061 ·

51 1124 118 1180 quac
130 1109 210 1166 circa
222 1123 253 1167 se
264 1114 349 1166 erant
359 1110 531 1182 dispensare
544 1112 731 1184 pauperibus,
743 1115 770 1166 et
781 1109 851 1166 licet
862 1124 875 1164 a
935 1104 1160 1176 attenuataque
1170 1108 1197 1163 in
1208 1109 1372 1180 praecipitio
1383 1109 1417 1144 ¹⁸⁰
1428 1112 1529 1183 pedem
1542 1117 1752 1185 poneret:ideo

51 1198 159 1270 primis
177 1198 261 1256 annis
282 1199 486 1271 conpassionis
508 1200 535 1255 in
552 1215 586 1256 eo
603 1215 690 1272 opera
706 1198 876 1268 claruerint,
936 1193 1041 1249 honum
1059 1193 1230 1253 intentionis
1242 1211 1302 1254 suae
1315 1198 1399 1254 finem
1411 1200 1599 1273 adeptusest,
1613 1204 1661 1274 qui
1673 1211 1752 1263 extra

51 1293 152 1343 tanuen
164 1302 222 1359 quo
234 1287 359 1359 amplius
373 1288 487 1345 miseria
500 1287 593 1345 seculi
606 1293 634 1343 ct
648 1287 734 1343 fallax
745 1287 879 1357 ejusgra-
936 1281 1007 1338 frucs
1017 1288 1216 1354 suosvagatus
1227 1299 1283 1341 nou
1294 1290 1348 1343 cst.
1362 1288 1665 1359 llostibnsterrihilis,
1676 1308 1753 1351 amo-

48 1369 94 1432 tia
106 1376 658 1448 contempnebatur,eornagisinstahat
671 1373 879 1432 misericordiae
936 1385 967 1425 re
980 1371 1104 1441 justitiae
1121 1372 1300 1444 spectabilis,
1315 1376 1491 1447 pauperibus
1505 1378 1615 1450 largus,
1632 1382 1753 1453 dapsilis

51 1465 205 1537 operibus,
219 1469 251 1521 ut
263 1465 359 1522 nudus
374 1463 521 1521 Christum
538 1465 631 1535 sequi,
644 1470 674 1521 et
686 1477 795 1536 pauper
812 1477 881 1534 pau·
936 1459 964 1514 in
981 1459 1080 1520 donis:
1098 1461 1126 1515 in
1144 1462 1288 1533 parcendo
1304 1464 1378 1534 pius,
1396 1465 1422 1521 in
1436 1466 1605 1525 ulciscendo
1620 1482 1751 1529 seuerus.

53 1567 157 1625 pereni
174 1552 280 1608 imitari
298 1550 421 1622 valeret,
443 1552 491 1623 qui
512 1557 634 1624 propter
647 1566 700 1607 nos
720 1551 879 1606 minoratus
937 1547 990 1613 Qui
1006 1549 1067 1605 etsi
1084 1549 1227 1621 palacium
1244 1552 1459 1625 frequentabat,
1475 1556 1503 1611 iu
1514 1558 1698 1628 sterquilinio
1711 1564 1755 1615 ta·

54 1640 207 1716 paululum
219 1643 256 1697 ab
270 1639 382 1711 angelis
392 1641 428 1696 de
438 1641 616 1713 pauperibus
628 1639 706 1697 nasci
718 1645 747 1696 et
765 1640 792 1695 in
809 1654 880 1712 prae·
936 1652 1000 1693 rnen
1015 1651 1080 1694 cum
1097 1638 1245 1695 beatoiob
1256 1639 1375 1697 sedebat
1391 1642 1466 1713 (lod,
1480 1659 1509 1714 ιι,
1522 1645 1549 1715 8)
1566 1646 1651 1716 :quia
1662 1647 1686 1704 si
1699 1662 1754 1719 qua

54 1731 139 1803 sepio
156 1729 292 1786 reclinari
313 1726 416 1800 voluit,
436 1733 466 1786 ut
482 1734 560 1786 esset
580 1728 692 1802 piorum
713 1728 823 1785 cibaria
835 1727 880 1798 ju·
936 1724 1756 1804 illicitegerebat‚eaadmentisoeulespenitendoredu-

54 1824 231 1876 ineptorum.
259 1818 311 1875 Ubi
336 1832 406 1875 vero
431 1822 536 1875 cuncta
561 1818 703 1874 distracta
725 1821 804 1887 sunt,
827 1831 878 1873 nec
935 1815 1030 1871 cebet.
1041 1814 1166 1871 sedebat
1177 1815 1204 1871 io
1214 1817 1485 1891 sterquiliuie,quia
1498 1826 1756 1898 cumantesepec·

53 1907 204 1965 desideria
221 1906 360 1964 dilatione
374 1907 540 1979 consopita,
554 1907 622 1978 quin
633 1906 733 1978 potius
745 1920 881 1975 augmen·
936 1907 1756 1980 catorumstcrcoracernebat,siquidelationisiuanimo

53 2000 129 2066 tata,
151 1996 218 2068 quia
235 1999 335 2054 sancta
357 1999 451 2065 erant,
468 2001 498 2052 et
514 1995 724 2066 cogitatienum
740 1994 881 2051 inundan-
936 1992 1127 2064 surrexisset,
1135 1993 1303 2051 inclinabat.
1316 1997 1348 2051 Et
1363 2003 1472 2066 quanto
1480 1999 1667 2069 sepulvcrem
1679 2005 1707 2059 et
1720 2000 1760 2060 ci·

56 2085 141 2157 tium,
154 2099 228 2156 quas
239 2085 411 2156 perfectioni
423 2082 647 2141 studeusddelis
657 2083 748 2139 anima
758 2083 878 2154 patitur,
937 2095 1034 2137 ncrcm
1045 2096 1108 2138 curn
1119 2082 1177 2138 heo
1188 2082 1310 2154 loquens
1320 2085 1487 2158 estimabat,
1500 2088 1699 2148 tantocclsiue
1710 2107 1756 2150 us·

57 2174 187 2231 violento
199 2173 310 2246 impetu
319 2172 430 2239 sedato,
444 2173 480 2229 ad
492 2176 607 2245 portum
619 2172 726 2244 quictis
739 2171 880 2244 appulsus
937 2169 1040 2240 quoad
1054 2170 1192 2227 honorem
1205 2170 1308 2230 divinae
1320 2172 1550 2245 colloquutionis
1565 2179 1753 2237 ascendebat.

59 2261 122 2319 iix't
139 2262 296 2318 anchoram
308 2261 382 2334 spei,
395 2261 462 2332 quia
477 2260 692 2316 deliberaverat
701 2259 758 2331 jam
770 2264 801 2316 ut
813 2259 879 2328 iret,
937 2259 1145 2330 lliucestquod
1156 2259 1195 2315 ita
1206 2261 1508 2333 rerehumiliatuscst,
1518 2265 1756 2326 utadaltavirtu-

56 2350 137 2424 cepit
155 2350 263 2406 iterum
275 2350 385 2406 anxiari
397 2365 454 2420 quo
466 2351 533 2420 irct,
547 2365 630 2421 qucm
642 2349 696 2406 sibi
712 2349 807 2405 lucum
824 2352 880 2405 sta·
937 2351 998 2403 turn
1011 2362 1132 2417 surgere
1144 2349 1289 2405 veraciter
1298 2355 1410 2421 posset.
1422 2352 1489 2422 Agit
1499 2354 1574 2409 enim
1587 2355 1640 2412 hoe
1652 2356 1697 2426 pia
1706 2357 1755 2414 liei

59 2438 302 2511 tioniseligeret3
314 2439 362 2495 uhi
372 2438 883 2511 plantatus,ininter-nacordisame·
939 2435 1088 2492 miseratio
1103 2451 1172 2507 erga
1188 2437 1300 2494 eleetos
1320 2452 1399 2508 suos,
1417 2444 1448 2495 ut
1465 2446 1574 2511 quanto
1589 2457 1619 2498 sc
1635 2442 1708 2500 infra
1723 2459 1755 2502 sc

59 2528 153 2585 nitate
169 2527 372 2585 viridesceret.
390 2527 511 2585 Volebat
525 2528 600 2583 euim
613 2527 667 2583 hoc
680 2527 756 2598 qnod
773 2527 881 2583 ilicium
939 2524 1019 2596 ipsos
1035 2524 1209 2597 despiciunt,
1237 2528 1319 2583 tanto
1344 2526 1498 2585 sublimius
1512 2529 1549 2587 ad
1565 2543 1689 2588 amorem
1706 2533 1755 2591 bei

58 2622 106 2673 est
117 2617 195 2689 patri
208 2614 395 2674 credulitatis
406 2621 515 2673 nostrae
528 2615 650 2672 Abrahae
662 2635 668 2670 ι
681 2615 744 2672 Eat
756 2616 791 2672 dc
802 2617 883 2673 tare
939 2613 1137 2684 subrigantur,
1146 2615 1314 2687 etcoruagis
1323 2615 1439 2674 videant
1450 2617 1614 2676 claritatem
1627 2620 1686 2691 bei,
1699 2636 1756 2693 quo

60 2707 125 2775 tata,
142 2705 221 2763 etde
235 2705 409 2777 cognatione
424 2704 476 2762 tac
493 2701 575 2776 (Ger.
589 2719 639 2775 ιιι,
658 2705 763 2770 l·,dct.
778 2719 826 2774 vn,
844 2705 881 2776 a),
939 2716 991 2759 cos
1005 2703 1105 2774 inagis,
1119 2718 1153 2760 ne
1166 2705 1201 2761 de
1213 2719 1243 2762 se
1255 2719 1356 2775 inagna
1368 2706 1505 2763 sentiant.
1519 2708 1652 2780 reprimit
1663 2709 1758 2768 virtus

60 2795 96 2851 ad
109 2793 240 2851 litteram
252 2793 383 2866 implere,
396 2794 447 2850 sed
459 2793 667 2850 considerabat
679 2809 735 2850 non
749 2793 809 2850 sine
827 2794 884 2849 lru·
940 2805 1017 2848 verae
1037 2791 1223 2851 humilitatis.

62 2889 113 2941 ctu
129 2884 203 2954 fore,
215 2883 250 2954 si,
264 2883 341 2939 inter
352 2898 421 2940 suos
432 2882 555 2954 positus,
569 2884 720 2954 laetusque
736 2883 779 2940 eis
795 2883 883 2939 fornia
977 2885 1002 2938 d.
1020 2883 1089 2938 Cum
1102 2882 1199 2954 itaque
1212 2884 1246 2941 ad
1259 2884 1420 2943 conditoris
1431 2887 1473 2943 sui
1486 2887 1666 2946 desiderium
1678 2893 1757 2948 totus

61 2971 887 3045 vitaehonestae,praeheretcisexemplurnsequendiChri·
942 2969 1764 3048 iliutinamcditationeincalesceret,etjamapertemun·

62 3070 150 3133 duni,
168 3061 358 3135 adipiscendo
374 3061 526 3133 religionis
542 3061 733 3133 propositum.
752 3060 887 3118 Conside-
898 3039 927 3102 C
943 3059 971 3115 di
988 3060 1131 3117 lenocinia
1148 3060 1298 3132 despicere
1309 3067 1338 3119 et
1349 3063 1408 3120 lieo
1422 3068 1481 3120 tota
1498 3063 1659 3123 iratentione
1675 3067 1762 3124 adhe-

63 3153 146 3208 rebat
159 3149 475 3208 rursusdiiilcillimum
486 3165 552 3207 cssc
564 3151 641 3206 inter
651 3155 738 3206 notos
748 3153 778 3206 et
787 3151 886 3206 affines

62 3240 209 3311 gravioris
225 3239 368 3311 propositi
384 3239 574 3296 intentionem
591 3238 822 3311 apprchendere,
840 3239 886 3295 uhi

63 3328 223 3400 aliquando
235 3332 315 3384 certa
327 3327 424 3384 estvia
437 3327 690 3399 perieuli‚inccrta
698 3327 813 3398 salutis,
823 3343 887 3384 cum

64 3418 191 3475 retrahit
204 3417 350 3474 hominem
363 3417 421 3489 jam
433 3416 491 3473 Deo
503 3416 716 3488 proximantem
734 3431 812 3472 ariter
824 3431 889 3488 pro·

65 3507 255 3579 pinquorum,
271 3511 301 3561 et
316 3506 487 3562 reverberat
507 3504 598 3562 aciem
620 3504 719 3562 vultus
738 3505 811 3576 cius,
833 3519 888 3576 qua

65 3595 142 3652 licus
156 3593 317 3651 intuendus
328 3598 416 3664 essct,
429 3594 538 3651 caritas
550 3594 657 3665 carnis,
670 3599 700 3650 et
712 3592 889 3650 multimodae

945 3148 1453 3221 rerecuperet,videretquchomoin
1463 3151 1571 3210 saeculo
1581 3154 1763 3213 constitutus

944 3237 1196 3311 pernecessarium
1213 3237 1267 3295 sibi
1284 3238 1344 3295 iore
1364 3242 1395 3295 ut
1410 3241 1464 3297 hoc
1484 3256 1566 3299 suum
1587 3242 1764 3301 desiderium

944 3326 1065 3383 cuilibet
1077 3325 1283 3396 religiosorum
1297 3327 1476 3399 propalaret,
1487 3329 1572 3402 cujus
1584 3329 1766 3391 relevaretur

944 3415 1066 3472 consilio
1083 3419 1111 3472 et
1128 3415 1312 3472 orationibus
1336 3416 1511 3487 irrueretur,
1537 3419 1632 3476 visum
1656 3423 1702 3476 est
1727 3419 1765 3490 ci,

946 3504 1041 3561 divina
1054 3505 1154 3576 utique
1167 3504 1291 3561 faciente
1303 3504 1468 3573 clementia,
1479 3511 1509 3562 ul
1519 3507 1768 3577 virumneligiene

946 3594 1218 3665 tierriinatissimum,
1237 3594 1413 3652 bichardum
1431 3593 1578 3665 videlieet,
1595 3597 1631 3653 dc
1647 3611 1703 3668 quo
1719 3597 1769 3653 im·

68 3683 244 3755 punctiones
257 3683 359 3754 seculi,
377 3698 450 3754 quas
460 3698 516 3740 nora
528 3683 602 3740 adeo
616 3697 721 3753 graves
737 3682 826 3740 sentit
842 3682 890 3754 qui
948 3683 1171 3755 praesentiarum
1182 3684 1279 3754 agitur
1291 3684 1360 3755 (Cir.
1372 3682 1451 3742 Grai.
1466 3684 1546 3742 i'ird.
1555 3687 1593 3758 8),
1604 3689 1768 3757 expeteret,

68 3772 301 3845 oportunitatem
320 3771 466 3828 sentiendi
484 3772 556 3828 vitat
569 3776 597 3828 et
614 3772 729 3842 refugit.
747 3773 825 3828 lnter
839 3773 891 3829 has
948 3775 977 3826 et
993 3772 1018 3828 ei
1036 3776 1182 3843 tamquam
1203 3771 1259 3829 sibi
1282 3772 1367 3828 alteri
1383 3788 1415 3829 se
1431 3773 1526 3844 ipsum
1543 3773 1688 3844 erederet,
1705 3787 1770 3832 cum

68 3867 96 3918 et
108 3861 183 3918 alias
196 3860 374 3933 multiplices
390 3861 613 3933 repugnantium
627 3861 682 3918 sibi
695 3861 817 3919 invicem
830 3876 893 3918 car·
948 3876 983 3917 co
995 3861 1118 3916 archana
1131 3860 1230 3916 cordis
1242 3862 1286 3917 sui
1298 3861 1487 3933 participaret
1497 3881 1503 3917 :
1512 3861 1592 3918 illum
1602 3876 1667 3919 esse
1678 3861 1772 3919 consi·
1826 3920 1833 3926 ,

70 3951 113 4008 nis
122 3954 153 4007 et
164 3950 290 4022 spiritus
301 3948 530 4008 deliberationes
546 3950 628 4007 affuit
640 3949 817 4021 adjuterium
829 3950 893 4006 0m-
949 3947 1064 4005 liarium
1077 3947 1126 4019 qui
1138 3947 1226 4004 nichil
1238 3948 1360 4005 haberet
1376 3948 1474 4018 fallax,
1487 3948 1575 4007 nichil
1593 3949 1771 4020 simulatum,

71 4039 243 4113 nipotentis,
256 4044 285 4096 et
298 4040 404 4096 fanrulo
420 4056 472 4097 suo
488 4039 644 4098 desudanti
657 4039 685 4095 in
698 4040 825 4111 palestra
836 4038 895 4110 glo
951 4036 1039 4093 nichil
1054 4041 1201 4108 corruptae
1218 4036 1298 4108 pacis
1312 4037 1445 4095 aniicum.
1463 4038 1546 4093 Venit
1562 4052 1643 4108 crgo,
1659 4043 1689 4093 et
1704 4035 1772 4095 dum

71 4129 141 4188 riosi
156 4129 328 4188 certaminis
342 4129 478 4190 solatium
492 4129 618 4203 praebuit
631 4131 781 4201 cujusdam
799 4128 894 4185 tidelis
952 4125 1774 4197 ulliusVoluntasapel'llur,dlllb01¹ulildesideriumleve-

72 4219 128 4290 sui,
140 4219 190 4292 qni
202 4219 258 4276 sub
269 4217 391 4277 clamide
407 4219 559 4277 mundane
575 4218 727 4290 dignitatis
743 4217 896 4276 abscondi·
952 4215 1040 4290 latur,
1053 4220 1084 4273 ct
1099 4220 1129 4273 ut
1143 4214 1312 4288 perficiatur
1328 4213 1439 4271 alterna
1455 4212 1674 4272 confirmatione
1689 4215 1774 4271 robo-

71 4305 895 4382 tungerebatprobatissimumnlilitumchristiliam.)

954 4313 1045 4362 ratur.
1060 4305 1213 4362 Decretum
1225 4309 1271 4361 est
1282 4302 1524 4374 igitureommuni
1538 4306 1618 4373 voto,
1628 4308 1658 4359 ct
1668 4315 1776 4360 exsen-

74 4396 248 4455 fredericus
268 4401 442 4454 comederat
450 4396 521 4467 viro,
537 4412 677 4467 generosa
699 4396 772 4454 satis
788 4396 852 4467 ejus
866 4401 897 4452 et
912 4393 938 4454 b
956 4394 1045 4450 tentia
1058 4394 1204 4464 utrimque
1220 4391 1412 4449 deliberatum
1424 4395 1469 4448 est
1481 4396 1512 4448 ut
1525 4405 1636 4464 pauper
1651 4390 1775 4463 quilibet
1790 4382 1801 4395 '

75 4485 131 4545 alta
144 4501 285 4561 propago.
296 4487 364 4559 (cfr.
376 4484 454 4544 Grai.
475 4485 554 4542 Vtrd.
565 4487 604 4558 tl.)
617 4485 897 4544 connitatushonore

76 4577 202 4648 rigebat,
220 4581 249 4633 et
266 4576 343 4648 quud
359 4575 512 4632 maximum
529 4578 587 4646 est,
603 4575 773 4632 comitatum
791 4573 898 4631 mentis

77 4665 172 4724 indole
185 4665 374 4739 perornabat.
392 4666 478 4721 Pater
494 4663 559 4734 ejus
576 4664 750 4723 Godcfridus
766 4668 840 4734 erat,
854 4663 899 4720 vir

78 4755 224 4826 probitate
234 4753 686 4827 gratiaetdivitiiscthonorihus
698 4753 772 4810 inter
784 4767 900 4822 magna·

79 4849 122 4902 tes
141 4845 224 4916 regni
244 4844 503 4902 nominatissimus.
527 4844 659 4901 ilabebat
674 4849 702 4901 ct
719 4843 792 4900 alios
812 4841 898 4912 illios,

80 4933 292 4992 ddalbcroncm
312 4933 523 4991 virdunensem
540 4949 626 5005 quem
641 4932 767 4990 (linimus
788 4931 901 5003 episco-

81 5039 157 5096 pum,
180 5024 386 5081 ilerimannum
400 5021 436 5056 ¹⁷⁹
451 5036 567 5094 quoquc
592 5023 729 5081 comitum
752 5019 902 5077 nobilissi-

82 5129 166 5185 mum,
193 5113 380 5171 Godclriduur
409 5127 524 5183 quoque
547 5117 578 5168 et
602 5110 773 5168 Gozelonem
799 5110 899 5168 duces.

83 5198 900 5275 llerimannus,quicthezelo,blathildemduxiluxorem,

83 5306 116 5348 es
127 5307 182 5365 qua
196 5294 297 5365 genuit
310 5291 385 5349 duos
398 5289 485 5362 filius,
494 5289 646 5363 bonaespei
657 5289 788 5361 arbores
797 5289 905 5360 Grego-

955 4480 1039 4539 locus
1054 4480 1226 4551 eligeretur,
1240 4479 1267 4534 in
1284 4495 1341 4551 quo
1356 4479 1447 4535 honor
1462 4479 1512 4535 liei
1527 4483 1556 4535 ct
1572 4477 1653 4548 rigor
1667 4477 1776 4550 regulae

956 4574 1193 4640 conservaretur,
1202 4567 1499 4627 uhiuovichristianre
1511 4567 1778 4640 paupertatisama·

956 4665 1036 4718 tores
1046 4658 1189 4729 exerceri,
1198 4657 1276 4714 etsie
1283 4657 1397 4713 demum
1410 4656 1518 4714 aliosin
1526 4655 1691 4728 spiritualis
1701 4659 1779 4725 tyro·

956 4748 1026 4806 cinii
1041 4747 1182 4806 exercitio
1203 4747 1351 4804 instruere
1371 4750 1500 4817 possent.
1522 4743 1660 4801 helectus
1680 4742 1779 4812 itaque

958 4838 1039 4896 loeus
1054 4837 1213 4896 virdunum
1230 4836 1336 4894 civitas
1352 4835 1416 4907 fuit,
1434 4840 1463 4890 et
1479 4833 1505 4890 in
1522 4848 1554 4889 ca
1571 4829 1778 4889 monasterium

958 4925 1158 4999 apostolerum
1182 4925 1261 4983 Petri
1277 4928 1306 4982 et
1321 4923 1401 4981 Pauli
1428 4928 1457 4980 ct
1482 4921 1576 4979 saneti
1600 4918 1781 4977 confessoris

959 5014 1066 5072 Christi
1091 5014 1199 5086 Vitoni,
1226 5012 1303 5085 quod
1318 5018 1348 5068 et
1363 5013 1398 5069 ab
1419 5009 1538 5080 antiquo
1563 5007 1725 5077 fundatum,
1751 5011 1782 5064 et

960 5111 1126 5163 sanctorum
1143 5102 1314 5176 patrociniis
1326 5099 1498 5172 gloriosum,
1511 5103 1539 5154 ct
1551 5094 1704 5167 religionis
1717 5098 1782 5150 erat

960 5196 1062 5252 ordine
1071 5195 1250 5266 insignitum.
1262 5193 1350 5248 Erant
1361 5189 1436 5246 enim
1447 5187 1474 5244 in
1483 5202 1518 5244 eo
1530 5185 1597 5243 honi
1609 5185 1663 5241 viri
1675 5189 1703 5239 et
1718 5180 1784 5238 reli-

960 5285 1046 5358 giosi,
1064 5284 1132 5342 lieet
1156 5280 1305 5356 perpauci,
1330 5279 1385 5335 sub
1401 5275 1557 5348 disciplina
1582 5272 1697 5332 abbatis
1721 5270 1786 5327 Fin-

767 5414 885 5477 lelhE
906 5411 1097 5472 lectiones

117 5510 151 5545 ²³⁹
166 5510 342 5597 hezelonem
355 5506 602 5584 suprascriptum.
643 5505 677 5540 ²⁸⁰
699 5505 795 5580 peipio
810 5520 833 5565 t·

243 5610 373 5673 Persou..
391 5606 497 5672 CLIV·
