3788 5992
60 268 123 331 389

674 262 921 335 CHRONICON.
940 300 977 311 -
993 261 1070 328 LIB.
1087 264 1124 330 tt.

1706 273 1766 340 390

62 404 123 455 tanr
140 400 275 457 idoneum
297 407 443 472 pastorem
470 402 594 474 prouidit
609 421 616 470 ;
633 402 677 457 siu
695 400 790 469 aliter,
808 411 890 467 egre·
905 397 930 458 Α
947 396 1094 468 capitibus
1118 398 1144 454 in
1166 399 1221 456 ima
1247 400 1398 472 demersis,
1412 400 1516 474 infixit,
1531 409 1562 461 ιιι
1586 406 1634 461 vix
1648 408 1767 465 cubitus

62 487 642 561 diaturignisdeb'origandmotdevoret
655 488 888 554 cumcurnsuis;

60 577 233 646 egrediatur
249 578 324 648 ignis
340 580 375 634 dc
391 581 521 650 Gyrardn
547 586 576 636 et
602 581 657 636 sibi
683 578 843 647 commissi,
860 582 890 633 ot

60 669 218 722 consumat
236 668 431 737 Norigandum
446 682 513 725 curn
529 669 764 725 ordinationibus
780 666 851 723 suis.

97 754 169 810 Post
186 755 241 811 hoo
257 756 364 813 missus
378 762 423 812 εει
439 756 555 827 legatus
572 758 598 812 in
617 757 764 813 Franciorn
777 754 843 811 blilc
854 768 890 810 ex

63 843 245 900 monasterio
261 843 354 900 sancti
370 844 466 899 Albini
490 846 564 915 (218)
569 887 634 900 ......
661 844 695 877 ⁴³⁰
719 845 888 917 opiscopus.

64 929 115 985 ilic
133 930 207 987 lecit
222 937 253 988 ut
267 932 339 988 inlra
352 932 500 989 ciuitatem
513 933 685 1003 Norgaudus
696 935 889 1004 reciperetur,

61 1024 92 1073 et
109 1020 256 1089 quandam
273 1019 460 1076 concordiam
478 1022 554 1078 iuter
565 1036 630 1077 curu
642 1026 670 1077 et
684 1023 840 1078 canonicos
853 1022 891 1078 le·

62 1106 104 1162 cit
119 1124 126 1172 ;
140 1108 308 1164 lecitetiam
324 1114 356 1165 ut
371 1109 398 1164 in
415 1109 545 1180 capitulo
562 1109 743 1166 cluniacensi
761 1111 891 1183 suscipe-

62 1197 159 1266 retur,
167 1200 198 1252 ει
208 1197 365 1269 episcopus
374 1196 597 1267 acclamaretur,
607 1199 681 1255 laeta
694 1199 720 1253 in
734 1199 833 1255 eodem
846 1214 892 1255 ca·

63 1282 301 1353 pitulocessione
313 1286 502 1355 quarumdam
513 1285 888 1344 aerrclesiarunrnurnero...

60 1367 96 1403 ⁴⁸⁷
112 1372 225 1442 absque
241 1371 326 1428 laude
341 1374 558 1444 canonicorum,
576 1379 604 1429 ct
621 1389 721 1430 eorum
742 1375 791 1445 uui
807 1379 891 1431 crant

948 499 1022 541 unus
1038 485 1073 541 de
1088 489 1169 543 tanta
1185 503 1285 545 carum
1296 489 1506 559 longitudinem
1519 494 1588 549 loris
1600 501 1765 568 appareret,
1802 548 1809 561 ,

947 573 1023 642 qaod
1037 580 1067 629 ct
1084 583 1233 645 permanet
1251 593 1343 649 usque
1360 581 1387 635 in
1403 581 1573 638 hodiernum
1595 582 1680 639 diem.
1694 584 1769 652 Qua·

947 662 1015 717 dros
1026 663 1112 719 etiam
1126 668 1678 744 supcrmnrialtitudinemsitos,supra
1691 689 1765 744 quos

948 754 1056 806 tectum
1073 753 1235 810 stabilitum
1260 762 1336 826 crat,
1354 773 1445 828 usquc
1463 758 1498 814 ad
1516 764 1626 832 septem
1643 759 1768 818 miliaria

946 837 1063 895 eirolare
1079 840 1157 911 lecit,
1176 844 1253 913 quud
1270 859 1347 900 nunc
1364 861 1456 916 usque
1482 862 1603 904 cernere
1628 849 1769 921 possibile
1820 890 1823 899 ‚

946 931 1011 988 est:
1027 928 1080 983 init
1097 934 1192 985 autern
1209 933 1287 987 eirca
1303 933 1402 988 boram
1419 934 1475 990 diei
1492 950 1606 992 nonam.
1619 939 1650 992 ln
1667 937 1768 995 eadem

946 1016 1034 1070 etiarn
1045 1017 1176 1074 aecclesia
1186 1018 1769 1096 jacebatquidameditunscumalioquo-

947 1102 1010 1158 daur
1026 1104 1053 1158 in
1069 1104 1145 1162 lecto
1161 1122 1228 1177 uno,
1247 1113 1277 1163 et
1292 1108 1369 1165 iuter
1386 1110 1510 1166 medium
1527 1125 1640 1183 corum,
1655 1113 1770 1184 cumJa·

947 1198 1047 1248 nerent
1064 1194 1191 1250 distante
1208 1196 1284 1251 inter
1300 1211 1331 1260 sc
1347 1199 1458 1269 spacio,
1473 1214 1527 1254 una
1540 1200 1666 1256 trabium
1682 1203 1769 1257 vento

947 1287 1010 1336 acta
1025 1296 1078 1351 per
1094 1282 1219 1339 medium
1236 1284 1304 1340 lecti
1320 1289 1429 1341 terram
1447 1287 1577 1359 intravit,
1591 1293 1622 1344 ut
1633 1289 1681 1345 vix
1693 1304 1770 1345 sunr-

948 1368 1034 1424 mitas
1048 1369 1111 1440 ejus
1127 1378 1293 1443 appareret,
1312 1388 1364 1429 nec
1381 1374 1449 1430 lesit
1461 1376 1603 1447 jacentes,
1621 1377 1675 1432 nisi
1692 1379 1768 1449 quod

950 1456 1052 1514 timore
1069 1473 1141 1529 pene
1157 1461 1312 1516 exanimati
1333 1468 1410 1518 snut.

984 1548 1014 1601 lu
1029 1546 1129 1602 eadent
1146 1549 1266 1604 civitate
1283 1550 1416 1621 spaciosa
1433 1556 1462 1606 et
1479 1553 1631 1624 populosa,
1643 1569 1709 1610 ειιιιι
1723 1569 1769 1610 εε-

61 1472 130 1515 ειιιιι
146 1459 248 1515 εοιιειιι
266 1462 429 1533 b'orgaudo,
447 1467 593 1519 eteorum
619 1463 667 1533 qni
692 1469 795 1520 contra
826 1480 890 1521 ειιιιι

63 1552 210 1603 uenerant
224 1563 329 1606 causas
342 1551 435 1606 acturi
453 1552 481 1605 in
498 1551 654 1621 praesentia
670 1552 759 1621 legati
776 1551 817 1606 ⁴³⁸.

101 1635 175 1705 (Fui.
192 1636 276 1709 lld’.)
302 1641 383 1694 Anno
407 1640 461 1695 inc,
478 1641 553 1695 dom,
575 1644 650 1707 1099,
669 1641 752 1710 (nug,
770 1644 797 1711 a)
818 1641 892 1696 obiit
948 1639 1013 1690 sent
1026 1636 1108 1691 multi
1120 1652 1207 1692 carnes
1219 1639 1254 1694 ad
1267 1640 1465 1696 observandas
1476 1640 1584 1712 domos,
1598 1644 1646 1713 qui
1660 1647 1769 1713 quanto

63 1723 200 1781 Urbanus
211 1741 295 1799 papa,
309 1728 455 1785 successit
467 1727 624 1783 basenens.
634 1729 712 1784 Obiit
724 1729 811 1784 etiam
823 1729 891 1784 Wii-
907 1749 933 1809 B
949 1723 1100 1780 breviores
1118 1730 1184 1781 sunt
1200 1741 1333 1797 corpore,
1347 1732 1428 1785 tanto
1441 1734 1509 1785 sunt
1521 1730 1645 1787 acrioris
1656 1737 1684 1786 et
1696 1732 1769 1788 lero·

63 1810 275 1883 tainusjnrior
285 1830 336 1870 rex
347 1814 515 1886 anglorum.
530 1816 592 1883 Quo
603 1818 690 1873 etiam
703 1832 778 1873 anno
790 1818 817 1873 in
838 1822 892 1873 dn·
949 1811 1038 1868 eloris
1049 1817 1171 1884 naturae,
1186 1822 1273 1871 nocte
1284 1816 1573 1874 obtenebranteante
1586 1818 1701 1876 doniam
1712 1834 1771 1876 ma-

63 1898 122 1970 glia
136 1901 313 1960 locaveram
327 1905 496 1974 sanguinem
509 1904 618 1962 olidum
630 1910 660 1962 et
672 1884 822 1977 putentem
836 1921 888 1962 rna·
946 1900 1020 1970 ioris
1031 1900 1172 1958 aecclesiae
1182 1903 1274 1959 sancti
1287 1904 1368 1959 Pauli
1378 1907 1773 1977 congregabantur,itainsi-

64 2002 136 2045 nare
153 1990 233 2048 visua
248 1996 304 2048 εει,
317 1992 358 2048 dd
376 1993 452 2063 quod
469 1993 670 2064 spectaculum
682 2010 747 2050 curu
759 1995 819 2051 lere
830 1999 892 2050 tota

64 2076 161 2133 insula
176 2080 367 2149 cucurrisset,
381 2073 498 2137 insolita
511 2083 553 2137 rei
570 2082 700 2138 novitate
717 2083 891 2154 stupelacta,

64 2179 117 2221 rex
134 2167 278 2238 praelatus
292 2155 420 2238 aduenit.
433 2174 463 2225 ot
479 2169 562 2241 vidit,
574 2185 625 2226 nec
639 2175 735 2226 tamen
748 2171 774 2225 ei
785 2170 893 2242 proluit

64 2254 186 2311 vidisse.
200 2258 378 2313 autumabat
388 2258 494 2327 vulgus
506 2260 710 2330 promiscuum,
724 2263 892 2331 portentum

63 2342 148 2399 istud
165 2351 288 2401 mortem
302 2347 380 2416 regis
391 2349 576 2418 portendere,
591 2351 667 2419 qnod
679 2349 766 2405 etiarn
778 2349 803 2404 ei
816 2349 893 2404 diee-

63 2430 397 2501 baturarclerentlbus;
407 2436 457 2491 sed
471 2437 554 2492 borno
565 2438 716 2508 secularis,
726 2444 755 2494 et
767 2438 795 2493 in
807 2451 891 2509 quern

61 2519 156 2577 timor
171 2521 222 2577 bei
241 2537 295 2578 non
311 2523 470 2593 ceciderat,
483 2525 686 2596 voluptatibus
698 2527 795 2582 carnis
805 2530 833 2581 et
846 2541 893 2582 sn-

61 2608 893 2685 perbiaededitus,divinornrnpraeceptornmcontemptor

62 2702 91 2753 et
107 2696 309 2770 adversarius,
321 2699 369 2770 qni
383 2705 478 2755 tamen
495 2701 568 2757 satis
584 2702 655 2771 regii
673 2702 775 2758 luisset
794 2703 891 2772 animi,

64 2786 89 2842 si
106 2800 163 2841 non
180 2786 269 2841 burim
286 2788 503 2858 postposuisset
516 2789 593 2845 lastu
605 2789 686 2859 regni
700 2789 829 2860 inilatns,
840 2805 893 2846 nec

63 2873 219 2944 cogitabat
234 2888 266 2929 se
282 2876 465 2931 moriturum.
482 2877 548 2933 ideo
561 2894 625 2934 cum
639 2879 819 2949 temporibus
830 2879 893 2948 eius

66 2961 200 3018 miranda
217 2963 244 3017 in
260 2961 363 3032 anglia
379 2965 585 3036 contigissent,
597 2966 710 3021 bourini
722 2969 895 3023 recordatus

949 1992 1061 2044 stentes
1073 1991 1305 2062 transcuntibus,
1314 1993 1337 2047 si
1350 2007 1434 2063 quem
1447 1995 1522 2049 iorte
1532 1993 1722 2052 offendissent
1732 2010 1776 2052 so·

948 2075 1007 2131 lum
1017 2081 1066 2132 ant
1075 2077 1264 2150 impotentem
1277 2083 1325 2135 aot
1339 2080 1400 2135 sine
1412 2081 1524 2151 baculo,
1534 2081 1671 2140 utnullus
1683 2084 1771 2140 aude·

949 2168 994 2219 ret
1010 2165 1120 2236 absque
1136 2168 1277 2224 comitatu
1289 2166 1333 2223 vel
1346 2168 1514 2226 defensione
1524 2185 1574 2241 per
1586 2170 1680 2227 locum
1690 2170 1771 2228 illum

951 2253 1086 2324 transire,
1101 2256 1264 2324 pracsertim
1276 2271 1340 2312 cunr
1347 2257 1405 2326 jam
1418 2256 1561 2328 plurimos
1573 2260 1718 2316 morsibus
1729 2266 1772 2317 at·

948 2346 1143 2410 tractassent;
1156 2349 1184 2397 ει
1201 2343 1325 2413 singulis
1341 2345 1475 2401 noctibus
1490 2345 1525 2402 ad
1542 2347 1706 2417 hujusmodl
1724 2363 1772 2404 ex-

949 2444 1054 2485 cursos
1072 2431 1253 2487 serebantur.
1266 2433 1326 2486 Jarn
1340 2447 1430 2506 prope
1447 2433 1547 2490 nullus
1563 2448 1614 2504 per
1628 2433 1699 2491 illud
1716 2436 1772 2492 iter

949 2518 1100 2586 agebatur,
1114 2522 1153 2586 et,
1168 2519 1191 2573 si
1207 2520 1252 2575 cni
1271 2521 1345 2575 torte
1362 2520 1541 2576 incumberet
1558 2523 1773 2579 necessitasiti·

949 2606 1040 2674 neris,
1050 2606 1224 2663 diverticula
1237 2610 1518 2678 querebantur,cum
1528 2611 1774 2680 congregatiLnn·

949 2694 1106 2753 donienses
1117 2696 1144 2750 in
1158 2697 1252 2753 banno
1264 2697 1372 2769 placito
1383 2711 1437 2754 suo
1448 2698 1605 2755 clamorem
1618 2714 1706 2772 super
1717 2700 1773 2758 boo

950 2783 994 2837 bis
1008 2787 1113 2854 terque
1131 2784 1271 2854 iecerunt,
1289 2788 1319 2839 et
1342 2799 1408 2841 cunr
1434 2786 1631 2857 preceptione
1657 2787 1724 2844 data
1742 2793 1775 2844 ιιι

950 2873 1152 2943 unusquisque
1168 2887 1255 2929 canes
1268 2888 1338 2929 suos
1352 2872 1514 2931 includeret
1528 2875 1665 2931 noctibus
1681 2881 1711 2932 et
1726 2891 1775 2933 cu·

950 2951 1774 3036 stodiret,neesicrerocariabinceptopotuissentjdata

67 3063 124 3106 non
136 3049 291 3117 est‚inrmo
304 3065 356 3107 nec
366 3053 411 3107 sui
425 3052 529 3123 ipsius,
542 3068 607 3109 cum
619 3056 707 3110 etiem
719 3056 894 3124 quibusdam
950 3050 1094 3105 sententia
1107 3049 1306 3120 adjudicatum
1319 3055 1364 3107 est
1380 3067 1464 3106 ornno
1475 3071 1479 3093 ι
1491 3052 1711 3123 debereoccidi,
1726 3053 1773 3110 die

66 3137 309 3207 revelationibus,
328 3154 392 3209 quae
407 3146 502 3197 tamen
526 3142 552 3197 ei
577 3156 632 3197 uon
660 3144 842 3214 protuerunt,
858 3143 894 3199 ad

67 3228 894 3304 beumconvertimoneretur,uiribusrrceobedivit,pona

66 3329 134 3386 quac
150 3314 176 3370 ei
191 3314 304 3386 judicio
321 3315 419 3373 divino
431 3318 632 3375 intentabatur
644 3319 830 3390 perterritus
843 3322 895 3376 ιιιι-

951 3149 1065 3204 qooquc
1076 3136 1239 3192 constituta
1252 3151 1308 3207 qua
1322 3137 1350 3192 id
1362 3137 1483 3194 deberet
1495 3137 1568 3194 lleri.
1577 3138 1646 3205 Quae
1657 3154 1722 3195 cum
1735 3139 1776 3195 in·

951 3227 1053 3292 staret,
1071 3229 1156 3279 nocte
1180 3224 1244 3295 ipsa
1271 3240 1335 3295 quae
1353 3225 1429 3281 diern
1447 3227 1644 3297 praecedebat,
1661 3228 1701 3283 ita
1717 3242 1776 3285 om·

951 3312 996 3367 nis
1012 3310 1170 3368 innititudo
1181 3327 1284 3369 canum
1298 3312 1413 3369 illurnrn
1427 3316 1487 3371 lere
1499 3315 1637 3386 usquead
1650 3322 1777 3387 quatuor

66 3401 180 3474 pletum
195 3403 270 3458 eninr
287 3408 349 3459 erat
362 3404 390 3460 in
403 3404 452 3462 illo
466 3406 543 3476 quod
556 3407 721 3463 dictumest
736 3427 741 3462 :
754 3408 896 3465 Peccator
952 3400 1029 3456 milia
1057 3399 1223 3472 diffugiens,
1242 3416 1297 3457 ¹1⁰ss
1323 3404 1498 3474 ⁰⁰¹¹¹l³³s1¹ib
1517 3404 1660 3460 ineditum
1684 3419 1718 3460 ³¹¹
1747 3405 1775 3463 in

66 3492 266 3550 cumvenerit
282 3493 315 3549 in
334 3494 520 3566 profundum
543 3496 699 3565 malorum,
716 3496 899 3568 contempnet
952 3502 1030 3543 inille
1047 3504 1077 3545 se
1090 3489 1227 3560 jecerint,
1247 3494 1277 3545 ut
1292 3488 1390 3546 nullus
1407 3490 1588 3548 inveniretur
1600 3493 1650 3563 qui
1662 3493 1776 3550 diceret

66 3578 170 3650 (Prov.
188 3594 266 3651 xrrn,
284 3581 322 3650 3.)
339 3581 373 3636 Ει
399 3582 465 3652 qnia
491 3584 580 3639 benna
606 3582 747 3655 deseruit,
764 3589 896 3641 sauciam
952 3591 1009 3646 quo
1035 3577 1173 3646 abierint,
1189 3577 1234 3633 vel
1250 3579 1319 3647 quid
1337 3579 1404 3634 lacti
1421 3578 1550 3645 luerint;
1567 3585 1595 3636 et
1612 3581 1652 3636 ita
1671 3582 1777 3639 civitas

66 3665 232 3724 aecclesiam
256 3669 425 3739 opprimens
446 3673 475 3726 ct
491 3685 554 3726 earn
571 3671 626 3727 sibi
642 3670 775 3728 ancillari
791 3673 897 3730 eonsti—
952 3662 1076 3719 liberali
1093 3669 1147 3721 vsi·

67 3757 254 3826 tuens,abeo
270 3770 385 3827 qnoque
401 3758 631 3826 derelictnsest;
644 3761 672 3815 iu
685 3760 897 3831 silva,quaeatl-
987 3753 1080 3810 Pudet
1097 3755 1209 3811 relerre
1227 3754 1297 3812 illud
1318 3756 1481 3813 inauditum
1508 3757 1617 3814 seculis
1640 3758 1777 3816 omnibus

64 3840 146 3912 jacet
154 3842 307 3902 trinacriae
315 3845 390 3916 (uro)
400 3846 514 3901 civitati
532 3847 599 3903 dun
615 3848 800 3904 venationem
815 3864 898 3905 exer·
953 3847 1125 3910 monstrum,
1136 3844 1213 3914 quod
1226 3848 1296 3900 tnnc
1311 3846 1449 3917 temporis
1460 3847 1486 3910 iu
1499 3847 1778 3905 eademinsntacon·

67 3935 127 4000 εει,
136 3933 247 4003 sagitta
257 3947 271 3989 a
282 3932 406 4004 quodam
419 3949 587 4006 percussus,
599 3950 656 4006 quo
666 3935 767 3993 letbali
776 3936 897 3993 vulnere
954 3930 1018 4000 tigit
1033 3949 1039 3997 ;
1059 3931 1111 3987 sed
1124 3932 1306 3988 reticendum
1318 3948 1374 3989 nun
1384 3938 1439 4003 est,
1455 3940 1484 3989 ιιι
1497 3934 1672 4005 quicumque
1684 3936 1778 3992 audie-

67 4018 897 4095 deciditctexanimatusest,penitentiaetcommunione
953 4019 1777 4093 rit‚tinniantaureseins,etobstupescat,eterobescat

67 4119 184 4176 carens,
199 4112 228 4164 et
245 4110 321 4181 apud
338 4111 459 4167 eandem
476 4112 576 4168 urbem
591 4112 734 4183 sepultus.
751 4113 897 4183 Tempori—
955 4107 1064 4165 talibus
1079 4108 1197 4178 involvi,
1207 4109 1314 4179 quibus
1326 4109 1425 4166 nullus
1437 4111 1776 4184 urnquamirretituscst,
1801 4123 1804 4127 ’

68 4193 125 4251 bus
138 4194 202 4265 ejus
217 4197 486 4255 ventusvebemens
498 4199 661 4256 dellnmine
672 4201 803 4257 Tamisiae
814 4215 900 4257 exur-
955 4197 1009 4252 nisi
1026 4196 1074 4267 qui
1090 4211 1104 4251 a
1120 4197 1179 4252 bec
1195 4196 1356 4253 derelictus
1375 4197 1402 4251 in
1420 4199 1575 4268 reprobum
1591 4213 1708 4256 sensum
1719 4203 1779 4257 tra·

66 4296 142 4353 gens
155 4283 271 4341 edincta
286 4287 369 4357 ptura
387 4288 546 4355 destruxit,
560 4303 612 4345 nee
628 4287 784 4359 aliquando
797 4292 900 4351 tantus
956 4285 1036 4342 ditus
1049 4289 1104 4354 est,
1122 4287 1266 4342 bominem
1282 4286 1348 4342 dico
1365 4285 1525 4343 masculum
1541 4301 1556 4342 a
1572 4288 1712 4345 masculis
1727 4289 1779 4345 im-

66 4370 159 4429 turbo
176 4380 329 4432 ventorum
346 4378 520 4433 sevientium
536 4375 588 4433 iilo
603 4376 787 4434 auditusest.
802 4379 900 4433 llioir-

959 4378 1179 4445 prognatumet
1192 4380 1353 4432 monstrum
1365 4374 1435 4431 illud
1447 4390 1512 4432 cum
1523 4375 1701 4435 dedecorosa
1712 4391 1780 4434 con-

68 4474 159 4517 ruens
174 4464 353 4521 monasterio
369 4470 478 4522 sanctae
494 4466 590 4521 blariae
606 4466 769 4522 incivitate
787 4466 901 4523 Lundo·
915 4461 942 4522 D
959 4463 1090 4521 cretione
1102 4464 1240 4535 usquead
1258 4463 1389 4535 quaedam
1405 4464 1573 4521 liniamenta
1586 4466 1720 4538 corporis
1732 4466 1781 4524 bu·

69 4549 126 4608 niae
137 4551 312 4622 constituto,
321 4552 370 4608 ubi
381 4553 433 4609 bec
446 4556 509 4609 acta
523 4559 602 4623 sunt,
611 4553 901 4625 tectnmomnedeje.

68 4638 123 4706 eit,
139 4639 240 4695 trabes
257 4653 360 4696 norem
375 4655 495 4697 numero
511 4642 552 4696 uti
568 4647 652 4697 erant
667 4646 840 4714 compactae,
858 4642 901 4697 di·

69 4725 221 4784 stantibus
232 4727 309 4784 inter
319 4743 350 4785 se
362 4729 470 4800 spaciis
481 4729 598 4785 insimul
610 4731 764 4802 arripiens,
783 4730 899 4801 longius

70 4815 235 4886 asportavit
251 4831 343 4887 usque
358 4818 395 4874 ad
410 4818 503 4874 lorum
520 4832 623 4886 passus
638 4817 697 4875 loro
714 4824 757 4889 bb,
769 4821 837 4875 etin
852 4833 901 4875 εο-

68 4898 136 4959 dem
154 4901 226 4973 loru,
240 4905 318 4974 qnod
333 4905 413 4962 dictu
425 4920 541 4977 quoquc
553 4906 727 4963 incredibile
737 4913 793 4978 est,
806 4907 846 4962 ita
859 4908 900 4964 di-

69 4990 620 5066 stantibnseuualitcrspaciisuterant
629 5000 802 5069 compactae,
812 5001 898 5055 terrae

957 4553 1032 4608 mani
1049 4553 1234 4624 perductum,
1248 4558 1275 4609 et
1294 4552 1439 4609 bominem
1455 4552 1547 4625 illum,
1559 4553 1638 4624 qnod
1653 4554 1781 4613 detesta-

956 4639 1106 4710 biliusest,
1119 4639 1258 4697 clericum
1271 4640 1523 4713 decapellarcgis,
1532 4643 1777 4715 Petrumdictum,

955 4744 1008 4801 per
1022 4743 1126 4785 annum
1141 4729 1286 4799 integrum
1298 4734 1327 4785 ει
1338 4744 1374 4786 eo
1385 4730 1512 4801 amplius
1523 4730 1577 4788 boc
1588 4734 1779 4803 portentuoso

955 4824 985 4875 ει
1001 4818 1194 4888 ignominioso
1219 4833 1309 4875 onere
1334 4819 1572 4890 dehonestatum,
1588 4824 1618 4876 et
1634 4834 1726 4891 usque
1742 4818 1779 4877 ad
1828 4844 1835 4857 ·

955 4912 1077 4964 mortem
1092 4907 1278 4978 perductum,
1291 4921 1357 4964 cunr
1373 4905 1422 4962 ille
1437 4907 1531 4978 palam
1543 4911 1572 4963 et
1585 4906 1780 4978 publioecon·

955 4995 1089 5051 litaretur
1101 4999 1252 5066 peccatum
1264 4995 1445 5069 snum,qu0d
1462 4995 1487 5051 si
1502 4994 1603 5068 vellet,
1615 4996 1778 5055 celarcnou

751 5146 870 5207 VARIAE
889 5147 1092 5209 bucrroitns·

105 5277 141 5312 ‘³⁰
155 5278 305 5338 euticam
320 5278 399 5339 ιεειιε
412 5294 535 5340 aucune.
550 5280 585 5315 ⁴³⁷
597 5295 740 5341 nummus
754 5284 852 5342 uacui.
874 5282 910 5318 ⁴⁸⁸
924 5282 1048 5357 reliquo
1056 5282 1181 5356 paulac
1193 5279 1313 5341 cocunt.

871 5426 983 5491 NOTAE.

106 5544 186 5620 (218)
202 5542 322 5605 scilicet
337 5544 570 5618 audegavensis.

996 5547 1071 5622 (alb)
1084 5545 1278 5608 winetrester.
