3788 5992
59 185 112 267 a'er

700 181 951 269 canonicari.
968 240 1006 253 -
1021 202 1098 272 nm.
1121 204 1160 274 u.

1705 210 1767 284 aba*

59 344 222 399 coronatus
237 345 294 414 est,
306 335 450 400 inmatura
467 345 559 400 morte
574 346 740 415 preventus
756 345 809 398 est.
820 340 886 397 Ter·
900 341 926 401 Α
941 354 1118 410 guorrenscm
1135 343 1371 405 archidiaconum
1384 348 1526 421 speciosis
1537 359 1669 411 ornatum
1682 354 1765 414 indu·

58 429 136 487 cium
151 431 314 487 liebertum
330 446 395 488 cum
410 431 555 489 voluisset
566 437 658 488 urater
673 433 765 487 tacere
775 445 884 500 regern,

60 532 110 575 uec
127 519 287 591 potuisset,
303 520 405 576 ducem
422 521 576 577 constituit
596 520 777 589 {bargundiae
792 521 829 590 (v,
845 523 884 588 ⁵2.)

59 607 120 665 ruit
133 622 252 680 quoque
264 608 407 666 dissensio
421 625 520 680 magna
534 610 610 664 iuter
621 610 712 681 ipsum
721 609 884 665 Heinricum

58 701 84 752 et
102 695 184 753 alies
201 697 311 754 Odonis
327 699 376 769 qui
392 699 469 769 apud
487 700 589 754 ilerum
617 698 699 768 obiit,
716 697 885 753 Tetbaldum

58 788 84 840 et
101 785 302 858 Stephanum:
320 786 393 842 adeo
411 791 440 843 ut
457 786 532 842 idem
550 802 611 855 ιιι,
623 786 721 842 ablato
733 788 768 842 ab
779 787 821 841 cis
838 787 884 841 do·

58 874 149 931 minio
163 876 314 933 l'urruicae
331 877 422 945 urbis,
441 875 524 933 daret
541 875 612 931 illud
627 877 765 931 Gotircdo
778 874 885 944 Tuditi,

58 961 117 1017 ilio
135 961 281 1032 Falconis
298 964 346 1035 qni
362 979 426 1020 eam
440 969 506 1021 toto
522 979 597 1020 anno
612 965 727 1019 obsedit
744 985 750 1018 :
768 969 797 1018 ct
814 964 886 1019 inito

59 1050 137 1107 bello
147 1051 316 1122 Stephanus
332 1053 515 1122 lagatusest,
527 1053 695 1108 Tetbaudus
706 1057 810 1124 captus
821 1068 885 1109 carn

58 1140 357 1197 suisautecivitatem
366 1141 520 1211 deductus,
529 1140 656 1197 reddidit
665 1141 885 1210 camGotiredo,

57 1233 83 1284 ct
96 1229 278 1301 inceptione
289 1230 439 1285 remansit.
454 1229 529 1285 lliilc
540 1229 717 1300 septingenti
738 1232 766 1285 et
787 1244 887 1285 eoam-

59 1317 136 1389 plius
147 1318 206 1374 riri
217 1318 330 1389 absque
343 1317 493 1388 sanguinis
503 1318 643 1375 effusione
652 1319 678 1372 in
689 1318 797 1389 praedio
808 1317 886 1389 capti

58 1411 134 1464 suut.
154 1406 194 1476 (r,
212 1410 251 1480 l.)
267 1409 305 1464 Ea
333 1411 508 1478 tempestate
534 1408 646 1476 Ungros
673 1407 728 1462 sibi
754 1407 886 1463 secundo

60 1493 190 1552 rebelles
205 1509 270 1552 eum
286 1497 406 1553 uicisset
423 1496 593 1567 imperator,
610 1511 646 1550 ex
662 1495 738 1551 ouini
766 1494 887 1566 imperio

59 1599 109 1640 suo
123 1584 285 1656 episcopos
295 1585 468 1656 congregari
479 1584 558 1654 tecit,
571 1589 599 1640 et
610 1588 710 1639 contra
724 1583 886 1654 symoniam

943 433 1048 486 uirentis
1064 433 1097 488 :ld
1117 435 1336 504 Lugdunensem
1352 438 1510 496 destinavit
1525 441 1632 513 sedern,
1644 448 1671 499 ct
1688 446 1763 502 taeta

942 525 984 575 cst
1001 521 1158 591 provinciae
1171 524 1253 596 quies
1263 531 1292 580 ci.
1303 526 1439 594 gaudium
1451 529 1569 600 populo.
1583 530 1619 601 (r,
1633 533 1672 604 l.)
1684 536 1765 591 auno

943 609 1006 680 ipso
1022 615 1101 667 treva
1117 612 1166 667 Dei
1184 613 1306 685 primum
1318 620 1427 672 statuta
1438 621 1520 673 estet
1532 617 1655 690 firmata,
1669 626 1697 677 ct
1710 637 1766 693 pax

942 697 1004 768 ipsa
1023 703 1103 755 trcra
1119 701 1168 756 liei
1185 702 1341 773 appellata.
1359 705 1428 771 Quae
1452 720 1506 762 nou
1523 707 1616 765 solum
1633 709 1767 769 humanis

944 788 1097 858 praesidiis,
1112 790 1163 844 scd
1175 795 1203 845 et
1220 791 1326 848 <lirinis
1340 794 1509 850 confirmata
1526 801 1572 851 est
1587 798 1763 857 temonibus.

942 875 1032 940 Quam
1048 891 1113 933 cum
1130 878 1272 935 noluisset
1291 882 1420 954 recipere
1439 897 1511 953 gens
1530 886 1685 957 Neustriae,
1702 888 1766 945 viro

943 964 992 1018 liei
1009 965 1153 1022 iliclrardo
1171 968 1357 1040 praedicante,
1375 974 1403 1026 et
1425 975 1455 1027 ut
1480 987 1543 1028 eam
1569 975 1764 1048 susciperent,

943 1053 1009 1123 quia
1025 1054 1160 1112 voluntas
1175 1058 1287 1113 Domini
1304 1063 1377 1129 crat,
1394 1059 1506 1131 (10100)
1518 1067 1547 1117 et
1559 1065 1644 1119 alteo
1661 1079 1716 1121 nou
1729 1065 1765 1122 ab

943 1141 1058 1199 bomine
1075 1145 1225 1201 decretum
1242 1147 1294 1202 boc
1311 1155 1504 1220 processerat,
1517 1157 1712 1223 ammonente,
1726 1152 1764 1224 (r,

944 1234 982 1301 1.)
999 1231 1097 1287 divine
1109 1233 1220 1303 judicio
1235 1235 1311 1306 cepit
1325 1237 1352 1291 iu
1363 1251 1415 1292 cos
1426 1238 1557 1294 desevire
1570 1239 1646 1310 ignis
1656 1241 1704 1312 qui
1717 1257 1766 1299 eos

945 1321 1097 1390 torquebat
1110 1339 1116 1387 ;
1129 1336 1163 1378 eo
1181 1336 1255 1378 anno
1272 1325 1332 1380 sere
1348 1328 1429 1383 totus
1445 1326 1525 1383 orbis
1539 1343 1690 1401 penuriam
1702 1345 1767 1403 pas-

944 1423 994 1464 sus
1008 1414 1054 1464 est
1072 1425 1124 1482 pro
1140 1412 1262 1468 raritate
1286 1413 1344 1468 vini
1368 1418 1396 1470 et
1423 1415 1522 1472 tritici.
1541 1417 1668 1488 Sequuta
1690 1424 1766 1477 este

944 1499 1067 1568 vestigio
1083 1501 1246 1559 mortalitas
1262 1503 1409 1560 bominum
1426 1505 1609 1577 praemaxima
1622 1522 1647 1563 a.
1662 1507 1697 1563 ab
1707 1509 1764 1566 ine.

943 1588 1023 1643 bom.
1041 1592 1115 1645 rota.
1129 1590 1209 1646 llulti
1221 1596 1317 1648 autem
1328 1607 1427 1650 eorum
1440 1595 1488 1666 qui
1501 1597 1715 1666 torquebantur
1730 1599 1766 1654 ab

59 1688 148 1743 agens
160 1672 201 1728 ita
215 1688 301 1730 orsus
313 1678 357 1730 est
369 1674 443 1745 (ιιι)
453 1675 568 1745 rupem
577 1672 659 1730 soors
669 1674 780 1744 11100]ιὶ0
792 1672 884 1743 toqui,
900 1695 928 1756 Β
945 1674 1018 1745 igne,
1036 1678 1186 1734 venientes
1206 1680 1241 1735 ad
1265 1681 1357 1738 virum
1373 1683 1433 1753 bei,
1451 1685 1564 1741 meritis
1579 1685 1643 1755 ejus
1657 1688 1686 1742 et
1703 1701 1767 1759 pre-

59 1761 317 1834 puivieetiltristi
336 1763 370 1819 ia
384 1762 450 1832 aar
472 1763 605 1820 corbeia
626 1761 781 1818 cormtttuti
802 1761 884 1833 estis,
942 1765 1767 1845 cibuscuraba'nturmedicavirtuteltei.Superestadhuc

59 1850 889 1922 ammatramrpousaearetacocomarumcomarum
942 1854 1066 1912 doninus
1082 1857 1227 1913 Eduensis
1238 1859 1395 1930 episcopus
1408 1860 1490 1934 (100),
1503 1861 1546 1916 vir
1561 1862 1628 1918 vitae
1641 1861 1767 1933 lengen-

60 1938 886 2010 stuprareturtentatececrecrctrrspcrcapraem

60 2026 163 2084 maor
171 2026 359 2085 redimendos
368 2029 469 2085 croire
479 2027 684 2100 dignatusest,
692 2028 885 2098 itcsuiaproe-

60 2115 136 2188 cepit
144 2114 275 2187 ctdiait,
286 2115 407 2173 mittens
418 2129 464 2174 eos
475 2135 485 2171 :
496 2117 601 2177 Gratia
612 2115 884 2186 praemonueratis

61 2203 137 2262 aaa.
157 2205 214 2262 Vos
228 2206 328 2262 aarum
340 2205 480 2262 coartato
505 2206 535 2262 et
556 2205 722 2277 c-upiattcte
740 2205 882 2275 corrupti,

60 2292 885 2367 qaibmdicttooemcoaserrededetts,iaIzcetrcaagres-

59 2385 142 2441 mooe
156 2383 258 2440 deado
271 2383 302 2440 et
313 2383 482 2456 accipiendo
500 2383 654 2440 maledieti
672 2382 753 2440 catio.
767 2384 844 2441 Nona
858 2382 888 2438 et

59 2472 143 2545 pater
152 2471 887 2545 mm,decujasoaimepericutoootdepcrttmcr·

60 2561 237 2627 roxanem
247 2561 467 2635 dampnabiles
476 2561 639 2620 avaritiam
649 2561 684 2618 ta
696 2562 761 2618 cita
776 2575 833 2618 cuc
842 2561 888 2618 ot-

60 2649 889 2722 peccauit.laureoqcicmnqcevestrcmoccsamc-

941 1949 1002 2000 tate
1016 1946 1191 2018 grandevus
1203 1947 1251 2018 qui
1267 1953 1297 2004 et
1312 1949 1422 2005 reterre
1435 1948 1542 2005 solitus
1552 1955 1607 2021 est,
1622 1951 1689 2022 quia
1701 1967 1766 2010 cum

940 2047 953 2086 a
971 2039 1072 2090 saneto
1090 2035 1211 2092 Odilone
1222 2041 1252 2092 et
1268 2037 1376 2094 ceteris
1392 2037 1454 2109 ipsa
1470 2053 1525 2110 pax
1536 2037 1645 2095 divinis
1657 2041 1768 2099 revela·

941 2121 1069 2179 tionibus
1080 2124 1226 2196 instituta,
1243 2131 1324 2182 treva
1335 2127 1385 2181 Dei
1397 2126 1593 2198 appellataet
1604 2129 1640 2184 ab
1651 2132 1770 2195 austra.

940 2210 992 2266 siis
1008 2217 1146 2285 suscepta
1165 2213 1277 2284 inisset,
1294 2220 1322 2270 et
1338 2214 1476 2272 voluntas
1500 2216 1629 2274 omnium
1656 2219 1683 2274 iu
1711 2219 1768 2277 boe
1811 2258 1819 2269 ,

940 2304 1016 2355 essct
1034 2316 1088 2356 una
1106 2306 1136 2358 ut
1154 2302 1261 2374 ubique
1276 2308 1456 2374 servaretur,
1470 2306 1620 2375 negocium
1630 2307 1683 2364 boc
1695 2314 1770 2367 stre-

942 2389 1047 2444 nuitati
1065 2389 1150 2460 bajus
1167 2391 1259 2462 patris
1275 2392 1368 2447 nostri
1384 2392 1491 2448 Gratia
1508 2395 1556 2449 liei
1580 2396 1617 2451 ab
1632 2397 1768 2455 omnibus

942 2467 1110 2539 impositum
1127 2475 1181 2540 cst,
1198 2476 1230 2525 ut
1245 2470 1307 2540 ejus
1322 2470 1420 2527 studio
1435 2476 1466 2528 et
1491 2472 1635 2530 industria
1653 2489 1708 2546 pax
1722 2491 1770 2534 ea·

943 2554 1007 2611 dem
1026 2556 1053 2611 in
1066 2557 1200 2613 Neustria
1213 2563 1393 2630 servaretur,
1404 2575 1438 2616 eo
1449 2562 1525 2632 quod
1536 2562 1609 2618 certi
1619 2568 1720 2621 esseut
1731 2565 1768 2623 de

943 2659 988 2714 eo,
1006 2646 1083 2716 quod
1102 2650 1180 2702 tanta
1196 2650 1277 2703 essct
1303 2648 1366 2717 ejus
1389 2663 1458 2719 erga
1482 2665 1582 2708 omues
1597 2656 1628 2707 ct
1642 2653 1769 2711 omnium

62 2740 289 2814 catapultarium
299 2740 444 2813 agnoseit,
452 2740 889 2812 oportetutcsceromtnistcrto
944 2748 1013 2804 erga
1029 2749 1094 2790 enm
1110 2736 1214 2805 gratia,
1233 2739 1261 2793 ut
1281 2736 1423 2809 quidquid
1440 2740 1615 2796 serrandum
1636 2741 1768 2814 doceret,

63 2830 213 2888 mceamr.
226 2829 351 2902 Propter
364 2828 442 2886 boae
455 2830 534 2887 euim
547 2827 693 2901 offensum
705 2829 890 2900 uenitauper
945 2828 1113 2880 servaretur
1129 2839 1143 2879 a
1160 2825 1286 2895 cunctis,
1304 2825 1444 2898 quidquid
1462 2828 1610 2885 vitandum
1626 2834 1772 2888 monstra·

64 2918 141 2984 titos
149 2918 606 2991 tmntamnjamesmortotites,
615 2919 891 2991 etpludicmmam
946 2917 1000 2984 ret,
1014 2913 1042 2969 id
1054 2914 1151 2969 cuncti
1164 2914 1299 2970 vitarent.
1310 2915 1500 2982 Quamobrem
1512 2918 1616 2988 sategit
1629 2923 1713 2991 pater
1725 2936 1772 2978 re-

63 3006 891 3082 nemarcoaraeccesecsticramacenopoarrflcecsqce
906 3035 931 3099 G
946 3001 1095 3072 nerabiiis,
1113 3006 1143 3058 ut
1160 3005 1272 3059 tanatum
1294 3004 1399 3060 bouum
1416 3010 1568 3074 gratanter
1583 3008 1619 3063 ab
1636 3009 1772 3066 omnibus

64 3095 276 3154 adustiorium
287 3095 892 3168 opprimunturpmccstraedcmprmttoois
947 3092 1148 3161 susciperetur
1165 3090 1215 3147 scd
1232 3107 1368 3162 perversa
1387 3095 1575 3163 quorumdam
1588 3095 1772 3166 vomuisset

63 3184 428 3257 promtum,etiraouactoe
439 3184 892 3257 spirituateprasaaturlatroci—
947 3194 1028 3235 mens
1045 3178 1193 3234 indomita.
1206 3181 1286 3250 quasi
1304 3181 1466 3237 inauditum
1481 3183 1535 3238 boe
1552 3185 1676 3258 respuit,
1689 3185 1771 3256 quasi

65 3273 157 3330 mam.
172 3271 215 3328 ld
233 3272 306 3329 bane
319 3288 419 3330 vocem
432 3273 618 3345 imperatoris
629 3274 785 3344 stupefacti
798 3273 893 3344 ponti·
948 3268 997 3339 qui
1011 3267 1121 3324 nollent
1136 3268 1271 3324 instituta
1287 3274 1408 3341 paterna
1424 3271 1533 3328 violare
1548 3276 1576 3327 et
1593 3288 1667 3331 nova
1684 3279 1772 3345 atque

67 3361 145 3432 dces,
163 3361 377 3420 misericordias
397 3377 514 3434 operam
540 3363 744 3433 implorabant.
763 3365 799 3417 Αι
816 3362 893 3433 prin·
948 3356 1078 3412 inaudita
1095 3357 1256 3428 suscipere.
1275 3357 1355 3414 Unde
1371 3364 1400 3414 et
1416 3360 1596 3430 subsequuta
1613 3366 1659 3418 cst
1675 3361 1772 3419 diviua

66 3464 134 3523 ceps
147 3449 351 3507 misericordia
368 3457 474 3521 motus,
489 3454 517 3508 et
536 3467 587 3522 pro
611 3452 703 3506 auima
730 3451 822 3523 patris
848 3450 891 3506 sui
949 3444 1031 3513 ultio,
1045 3445 1120 3515 ignis
1135 3445 1248 3501 scilicet
1264 3447 1291 3500 in
1308 3446 1434 3502 rebelles
1447 3450 1477 3503 et
1494 3453 1682 3506 contumaces
1693 3451 1775 3508 dese-

67 3552 216 3595 orareeos
228 3539 521 3610 monens‚propcsuit
533 3538 894 3608 eatetumutnulrusgra-
950 3533 1032 3591 vicus
1049 3548 1064 3589 a
1079 3534 1209 3604 Domino,
1227 3550 1284 3605 quo
1298 3536 1514 3605 torquebantur
1530 3538 1579 3607 qui
1595 3539 1658 3593 viro
1668 3538 1719 3594 Dei
1731 3554 1776 3596 rc·
1826 3554 1831 3561 ·

68 3626 120 3684 dus
129 3625 180 3683 rel
191 3625 385 3683 ministerium
398 3627 639 3684 aecclesiasticam
652 3628 749 3699 precio
761 3627 894 3699 adquirc·
950 3623 1234 3680 sistereetmandata
1247 3623 1310 3691 ejus
1321 3630 1508 3681 contemnere
1521 3641 1575 3681 uon
1586 3628 1772 3684 verebantur.

69 3719 166 3780 rotun
178 3718 209 3771 ot
221 3714 244 3771 si
257 3714 322 3785 quis
335 3718 534 3787 attemptaret,
548 3716 625 3772 oraui
638 3715 747 3771 bonore
759 3715 895 3773 multare·
950 3712 1071 3769 Videres
1090 3713 1295 3768 monasterium
1311 3713 1409 3769 eximii
1425 3715 1519 3786 patris
1535 3716 1700 3772 ardentium
1716 3722 1776 3772 tur·

69 3807 125 3861 tur.
141 3803 242 3875 Sicut,
259 3803 403 3875 inquiens,
419 3805 499 3862 Deam
513 3818 652 3862 emonem
665 3805 784 3875 imperti
794 3805 895 3875 pratis
951 3801 997 3857 bis
1013 3802 1164 3872 refertum,
1180 3816 1254 3871 quos
1271 3801 1331 3873 ipsc
1357 3810 1522 3859 sanctorum
1547 3803 1679 3875 reliquiis
1700 3819 1774 3876 aqua

68 3892 141 3951 niti
152 3893 300 3963 dedititia
311 3907 362 3966 epa
373 3894 896 3967 quodadratiqioaemperttaetprc-
952 3890 1105 3947 benedicta
1123 3891 1264 3962 respersis
1280 3895 1308 3947 ct
1325 3892 1391 3947 virio
1407 3891 1487 3962 lotis,
1498 3897 1527 3948 et
1544 3893 1663 3964 pulvere
1676 3894 1724 3964 qui
1739 3895 1775 3951 de

70 3981 263 4055 titimpettdo.
278 3982 478 4041 aurocrorum
487 3982 776 4054 similitersuet'otia.
788 3984 897 4038 Pueru·
953 3984 1034 4051 petra
1052 3978 1198 4050 sepulchri
1216 3979 1327 4034 Dornini
1354 3981 1514 4035 radebatur
1540 3980 1605 4035 rino
1631 3982 1693 4052 ipso
1709 3997 1778 4038 eon-

71 4068 897 4143 iusitaquequillomanaoincubabateeclesiae,praecepto
953 4080 1063 4140 sparso,
1081 4071 1109 4123 et
1126 4066 1162 4121 ad
1177 4067 1335 4137 potandum
1353 4068 1467 4122 miseris
1482 4067 1560 4135 dato,
1575 4083 1644 4139 pace
1662 4069 1775 4127 lirmata

71 4159 260 4233 imperatoris
274 4174 289 4215 a
306 4160 376 4216 sede
393 4159 526 4229 dejectus
551 4162 605 4231 est,
623 4163 653 4216 et
676 4160 835 4230 Gregorius
850 4160 895 4232 Vl,
952 4160 980 4213 ct
991 4156 1099 4226 jurata,
1114 4155 1243 4226 pristinae
1255 4154 1372 4210 sanitati
1385 4155 1536 4211 reddebat.
1550 4158 1605 4211 l‘ro
1615 4156 1778 4215 innumeris

72 4248 189 4305 natione
204 4248 350 4305 Romanus
365 4248 547 4305 substitutus
563 4254 619 4305 cst.
633 4248 721 4318 Cujus
736 4248 896 4306 bonafama
954 4250 1049 4302 autem
1063 4244 1158 4301 turbis
1168 4242 1374 4300 confluentium
1387 4243 1566 4300 infirmorum
1578 4259 1630 4301 uas
1641 4245 1723 4316 potui
1736 4244 1778 4301 illi

72 4335 214 4408 quidquid
232 4336 311 4408 prior
328 4336 475 4394 fedaverat
492 4337 521 4393 in
541 4337 645 4394 melius
661 4338 841 4394 reformavit.
858 4337 896 4409 (r,
954 4339 1088 4406 paratum
1100 4338 1174 4404 erat,
1187 4339 1218 4389 nt
1233 4332 1256 4389 si
1268 4331 1438 4390 advenirent
1455 4333 1559 4406 egroti,
1572 4340 1659 4405 potus
1675 4334 1781 4392 salutis

73 4427 110 4496 l.)
126 4425 178 4481 llic
194 4430 326 4481 sanctum
351 4425 501 4482 Odilonem
527 4426 686 4484 instituens
711 4426 895 4496 Lugdunensi
911 4387 939 4449 D
955 4437 1010 4478 non
1027 4422 1156 4492 deesset,
1173 4437 1207 4477 nc
1233 4421 1403 4477 fallerentur
1427 4422 1451 4477 si
1475 4423 1544 4478 bora
1570 4423 1779 4496 incompetenti

73 4511 215 4570 ecelesia
229 4513 359 4569 ordinari
378 4513 556 4585 pontificem,
572 4515 652 4570 misit
673 4515 698 4570 ei
725 4513 844 4586 pallium
869 4519 899 4570 et
955 4512 1104 4569 venissent
1119 4529 1125 4578 ;
1142 4525 1214 4567 neve
1229 4515 1299 4566 tunc
1323 4512 1396 4566 toret
1422 4512 1585 4569 necessitas
1610 4512 1779 4570 recurrendi

74 4600 202 4657 auritum.
220 4600 276 4657 Sed
292 4602 337 4657 uir
352 4601 509 4671 religiosus
531 4602 690 4658 humilitati
707 4602 830 4659 studens
845 4601 899 4658 boc
956 4601 991 4656 ad
1004 4600 1183 4655 ablutionem
1196 4597 1396 4670 reliquiarum,
1410 4601 1487 4671 quod
1502 4605 1568 4672 post
1584 4601 1780 4673 expletionem

75 4689 182 4762 renuit,
200 4688 319 4761 pallium
335 4695 431 4746 tamen
447 4693 476 4746 et
492 4690 611 4748 anulrnn
628 4691 760 4761 retinuit,
779 4705 900 4747 servans
957 4689 1053 4744 missae
1069 4687 1181 4759 impleri
1199 4702 1262 4745 mos
1278 4692 1351 4743 erat.

75 4778 145 4837 illud
162 4779 295 4852 pontifici
310 4780 359 4852 qui
376 4779 481 4851 diguus
495 4783 597 4849 osset;
616 4782 691 4853 quod
708 4795 798 4851 usque
814 4779 901 4836 bodie
994 4778 1090 4848 [Genu.
1114 4778 1189 4834 lton·
1202 4793 1229 4847 r,
1247 4778 1284 4848 1.]
1303 4779 1384 4834 Anno
1401 4778 1490 4849 igitur
1512 4779 1548 4834 ab
1571 4779 1681 4835 incarn.
1699 4780 1778 4834 bom.

76 4867 206 4926 Cluniaei
227 4868 362 4927 babetur.
388 4869 542 4928 Heinricus
565 4886 647 4942 vcro,
666 4871 785 4941 recepto
810 4883 901 4940 regno
957 4870 1036 4938 1015,
1061 4865 1213 4923 Heinricus
1237 4864 1321 4922 duxit
1347 4881 1466 4923 uxorem
1491 4865 1605 4923 nomine
1628 4868 1779 4938 agnetem,

75 4957 305 5030 austrasiorum,
323 4961 471 5030 comperta
489 4959 670 5017 dissensione
691 4957 854 5030 condoluit,
872 4962 901 5014 et
959 4955 1045 5012 saliam
1061 4954 1197 5011 Wiilelmi
1221 4954 1413 5025 rictavensis,
1432 4954 1506 5026 apud
1523 4954 1715 5025 Bysontium3
1733 4954 1782 5012 ubi

77 5046 152 5121 apud
168 5047 341 5132 Bysoutium
365 5064 390 5104 a.
416 5050 452 5104 ab
480 5049 535 5106 iuc.
563 5051 643 5106 bour.
662 5052 741 5119 1011,
758 5047 902 5105 electione
958 5045 1104 5103 affuerunt
1118 5043 1249 5117 episcopi
1267 5047 1310 5101 ⁸28.
1329 5044 1397 5100 Cunr
1413 5043 1488 5099 enirn
1503 5047 1583 5099 esset
1599 5040 1672 5099 alias
1689 5043 1783 5100 bouus

75 5134 148 5194 cleri
162 5140 194 5194 et
209 5136 309 5211 populi
325 5136 471 5196 firmatum
486 5138 621 5196 domuum
647 5137 814 5196 tidelricum
839 5137 903 5194 Lin-
959 5139 987 5191 et
1003 5149 1103 5193 omnes
1124 5133 1187 5205 eius
1202 5133 1316 5192 sitirent
1334 5131 1502 5201 dominium,
1513 5131 1610 5188 carnis
1631 5135 1727 5189 tamen
1742 5132 1785 5192 ia-

874 5335 986 5395 NOTAE.

111 5522 188 5596 (100)
203 5518 322 5594 llagauo
337 5513 410 5579 obiit
425 5531 441 5575 a
455 5519 534 5576 1000,
551 5515 616 5580 tm.
630 5518 675 5579 227.
691 5511 732 5577 ui
746 5513 819 5578 utra.
