3788 6000
108 169 183 286 raas

446 222 581 289 GESTA
596 223 775 290 TREVEH.
791 257 829 272 -
842 216 1024 286 APPEND.
1041 219 1266 288 TRANSLAT.
1284 222 1319 289 S.
1336 223 1465 291 CELSI.

1743 226 1821 294 laad

105 365 255 426 bivinitati
272 367 387 441 quidem
410 375 477 428 ante
501 369 642 443 temporis
668 377 775 428 motum
801 368 927 441 cognita,
943 347 971 409 Α
1020 369 1046 422 2.
1064 369 1145 426 anno
1162 368 1313 428 dominica
1329 370 1539 430 incarnationis
1555 377 1616 445 978,
1635 375 1760 447 quando
1781 376 1822 431 di·

105 459 214 515 nostris
231 464 327 517 autem
346 461 504 518 iaecelentls
520 463 633 531 diebus,
653 461 706 533 pire
718 461 862 518 memoriae
878 460 930 528 Eg·

105 545 189 604 berto
199 549 360 607 Trevericae
374 554 455 609 urbis
466 552 629 621 hierarcha,
639 553 829 608 ohenormem
842 561 931 619 quan·

105 633 170 692 dam
181 639 315 696 ecclesiae
328 642 484 697 utilitatem
497 642 668 697 solemniter
681 641 856 696 nactaheata
869 637 932 707 ojus

106 720 219 796 lipsana
236 730 474 787 mortalibussint
487 731 603 786 tandein
616 731 744 800 detecta,
758 729 808 785 sed
829 725 933 784 ctinsi·

107 816 155 886 gni
171 818 338 875 meritorum
352 818 430 875 illius
443 819 561 889 indicio,
577 835 640 888 qum
652 819 688 875 ob
700 820 773 874 tanti
799 807 932 872 thesauri

106 907 228 962 catenus
240 908 381 963 occultati
394 908 553 980 optabilem
565 909 731 964 ostensione
743 908 808 964 lucc
821 904 932 959 clarius

105 997 169 1050 acta
188 1012 252 1053 esse
269 1002 438 1066 noscuntur,
464 1012 525 1054 mea
552 998 699 1069 pusillitas
727 996 932 1068 qualicumque

104 1086 199 1143 relatu
215 1086 291 1158 stylo
308 1087 524 1158 memoriaeque,
544 1088 711 1158 posteritati
739 1087 929 1158 prospiciens,

104 1177 239 1233 mandare
252 1192 306 1232 non
320 1176 448 1231 differat.
465 1178 562 1247 Neque
573 1177 648 1232 enim
661 1192 775 1247 aequum
789 1178 849 1231 loro
865 1189 931 1230 cen·

103 1265 183 1334 setis,
199 1270 230 1322 ut
246 1270 326 1320 tanta
345 1266 549 1322 miraculorum
569 1267 641 1322 tanti
666 1267 719 1321 viri
750 1264 926 1331 coruscatio,

103 1355 140 1410 ob
155 1354 312 1411 multorum
329 1355 433 1411 salutis
448 1361 633 1425 augmentum
648 1355 765 1411 eoelitus
795 1355 925 1425 prolusa,

985 457 1059 514 vina
1070 461 1214 518 memoriae
1226 462 1295 517 Otto
1306 463 1463 532 secundus,
1477 465 1591 519 inaximi
1604 468 1821 535 augustiOtto·

986 544 1031 600 nis
1048 545 1198 617 relativus,
1216 550 1352 606 Romanae
1369 552 1542 608 monarchia
1559 554 1676 623 apicem
1699 559 1819 613 strenua

986 635 1175 702 gubernando
1199 639 1337 709 princeps
1362 642 1465 709 agebat
1490 642 1519 697 in
1544 648 1679 713 sceptro,
1710 650 1818 702 sanctae

986 723 1149 780 Trevirensi
1182 742 1197 782 a
1223 729 1280 784 boo
1304 730 1510 786 conservandae
1533 731 1673 788 ecclesias
1702 736 1818 805 praeiuit

989 810 1080 868 beatae
1098 816 1310 873 reeordationis
1326 818 1369 872 vir
1385 819 1525 875 virtutum
1550 822 1708 889 Egbcrtus
1729 824 1817 880 arehi-

988 902 1130 958 mandrita
1144 904 1423 976 lampabilisclarus
1434 908 1547 977 quidem
1557 911 1815 982 parentelaegene·

988 989 1110 1046 rositatc
1123 993 1206 1064 (aad),
1217 995 1267 1050 sed
1281 995 1388 1051 clarior
1400 997 1815 1071 totiusprobitatisimpretia-

988 1077 1037 1132 hlli
1054 1081 1131 1135 dote.
1150 1084 1182 1136 Et
1200 1098 1313 1153 revera,
1328 1085 1393 1154 qula
1412 1085 1472 1156 ipsa
1495 1087 1608 1155 gemina
1634 1087 1813 1148 claritudine

987 1167 1195 1235 pollucibiliter
1209 1173 1311 1241 viguit,
1339 1174 1379 1229 uti
1407 1189 1498 1230 uonor
1521 1175 1640 1233 debitus
1668 1180 1810 1249 poposcit,

986 1257 1678 1334 totinsreguipontificibusatqueoptimatibus
1696 1267 1759 1338 ipsa
1773 1269 1811 1324 sui

984 1349 1146 1402 reverentia
1165 1349 1337 1418 praecelluit.
1360 1351 1489 1421 lienique
1514 1357 1629 1410 statura
1659 1371 1811 1428 procerus,

102 1441 188 1498 inerti
197 1442 758 1499 remancattaciturnitateabstrusahd
769 1442 844 1512 quod
857 1457 925 1511 ego:
981 1434 1080 1491 Vtilius
1095 1446 1190 1492 tillem
1209 1439 1295 1495 lubili
1314 1441 1495 1497 s01'sslOSiiile
1512 1457 1572 1512 lllae
1588 1444 1732 1501 Omnibus
1746 1451 1811 1504 iltssl

102 1530 199 1599 lliror,
217 1531 343 1602 inquam,
362 1531 516 1587 admodum
533 1536 622 1588 tantae
639 1532 802 1603 prudentiae
820 1531 923 1598 virum,
982 1525 1123 1593 temporis
1135 1527 1308 1597 primatibus
1324 1529 1428 1584 enituit
1452 1530 1615 1587 venustius.
1643 1534 1717 1588 Erat
1740 1536 1810 1591 enim

101 1633 133 1675 ac
142 1621 306 1676 vehementi
320 1627 439 1691 stupore
452 1621 606 1693 percellor,
620 1621 755 1690 quidnam
769 1621 851 1676 vobis
865 1621 925 1679 ani·
981 1615 1186 1671 manachorum
1205 1617 1369 1687 praecipuus
1385 1624 1464 1673 tutor
1481 1632 1512 1674 ac
1528 1621 1663 1676 nutritor
1681 1637 1716 1678 ac
1732 1638 1810 1693 regu·

101 1707 138 1761 mi
150 1708 198 1777 sit,
210 1711 286 1779 quod
298 1710 548 1779 omissisctquasi
562 1711 714 1782 vilipensis
727 1715 771 1767 tot
792 1708 923 1766 vernulis
938 1709 966 1770 B
982 1700 1051 1758 laris
1068 1703 1228 1775 discipilum
1245 1707 1381 1776 specialis
1398 1713 1521 1775 amator,
1543 1710 1658 1781 quippe
1687 1713 1736 1782 qui
1761 1716 1809 1768 snb

101 1794 178 1851 domi
191 1798 360 1869 militiaeque
372 1799 609 1870 insugillabillter
621 1801 786 1871 agentibus
804 1815 878 1871 quos
895 1798 921 1851 in

101 1886 179 1941 beati
197 1887 329 1942 Evrclrarii
347 1888 474 1958 spiritali
488 1888 638 1960 gymnasio
655 1890 790 1958 dogmate
817 1888 922 1943 laxetis

97 1990 190 2043 sacro,
205 1977 348 2047 inexperti
360 1977 513 2032 adventitii
525 1977 684 2033 imbecilles
695 1979 831 2034 humeros
849 1977 920 2034 tanti

97 2064 173 2120 molo
193 2065 383 2120 mandaminis
405 2066 536 2122 caricare
560 2066 678 2122 malitis.
703 2069 814 2122 Testem
844 2068 919 2122 eninr

95 2153 265 2208 omniscium
282 2153 406 2211 adhibeo
423 2156 510 2209 lieum
540 2187 573 2194 —
603 2171 656 2210 nou
675 2156 750 2226 qrrod
778 2156 919 2226 ejusruodi

94 2243 200 2298 mentis
213 2242 276 2311 sim,
288 2242 362 2312 quod
377 2249 482 2299 vestrm
494 2244 687 2315 preceptioni,
704 2246 780 2315 quod
799 2247 840 2302 las
865 2262 919 2301 non

95 2335 150 2400 cst,
167 2332 212 2387 vel
238 2332 420 2388 mussitando
445 2334 633 2389 recalcitrare
656 2334 740 2389 velim
756 2367 799 2404 -,
823 2336 921 2407 plures

95 2421 201 2477 vestris
218 2421 243 2476 in
260 2422 409 2478 laboribus
430 2423 618 2492 promotioris
644 2423 748 2493 ingenii
780 2431 920 2495 expertus

95 2525 159 2568 stiur
177 2511 294 2580 iratres,
312 2512 418 2581 quihus
432 2512 456 2567 si
469 2512 495 2566 id
507 2512 600 2582 ipsum
612 2528 685 2568 onus
698 2514 770 2569 dirce
786 2514 921 2570 ohedien-

98 2599 921 2672 tiaerationeirnponeretur‚impertarsisntverumlatear

96 2688 225 2746 humeris
241 2697 370 2759 pentane,
398 2706 430 2745 ac
455 2691 561 2745 vestris
586 2707 636 2762 per
661 2693 753 2747 culnia
784 2694 860 2748 votis
884 2693 918 2748 ad

96 2777 212 2849 plenum
230 2779 400 2833 satisfacere
417 2778 589 2848 quivissent.
608 2780 662 2836 Srd
688 2781 757 2850 quid
786 2781 919 2852 pluribus

96 2879 170 2936 opus
181 2871 225 2919 est
238 2866 249 2919 l
262 2866 441 2921 bestinatum
453 2871 499 2921 est
512 2868 784 2936 quidernruonachis
796 2870 917 2939 quadam

980 1791 1609 1867 habituepiscopihumilepectusoccultavit
1623 1799 1807 1857 devotissimi

978 1882 1121 1951 monachi,
1153 1884 1253 1953 sicque
1281 1902 1345 1940 cum
1376 1887 1484 1941 llartha
1513 1888 1593 1943 ioras
1623 1891 1758 1958 proludit
1777 1893 1807 1947 ad

977 1969 1151 2039 expleudum
1170 1974 1306 2043 t'rcquens
1321 1975 1513 2032 ministerium
1532 1977 1659 2045 bomini,
1674 1984 1707 2034 ut
1719 1984 1807 2034 tarnen

975 2072 1039 2111 cum
1057 2059 1143 2114 llaria
1168 2064 1259 2116 tolum
1282 2078 1313 2117 se
1335 2064 1481 2118 conterret
1508 2065 1542 2120 ad
1569 2066 1707 2122 studium
1732 2069 1807 2128 verbi

976 2144 1076 2217 divini,
1092 2149 1201 2205 iaciens
1214 2165 1244 2205 se
1256 2151 1403 2206 divinitati
1416 2158 1527 2221 gratam
1541 2153 1684 2221 hostiam,
1703 2155 1730 2210 in
1750 2171 1808 2226 pra·

975 2236 1051 2291 ctica
1066 2237 1203 2293 videlicet
1219 2239 1391 2305 colurnbarn,
1409 2241 1436 2294 in
1454 2242 1600 2296 rhetorica
1629 2252 1730 2299 autem
1755 2251 1807 2301 tur·

975 2329 1081 2379 tirreni.
1094 2329 1132 2381 [lc
1144 2326 1477 2398 liberalitatcreroejus,
1491 2345 1545 2399 qua
1564 2332 1653 2387 unice
1666 2333 1805 2403 opimatus

975 2415 1085 2482 extitit,
1101 2416 1168 2485 quid
1181 2417 1354 2485 condignum
1369 2417 1489 2487 eloquar
1500 2420 1512 2472 i
1523 2420 1637 2476 Novum
1656 2423 1763 2494 quippe
1779 2423 1803 2477 io

976 2502 1025 2557 illo
1039 2504 1197 2559 Iohannem
1222 2522 1306 2575 qnmn
1337 2506 1510 2562 Eleimonem
1540 2516 1650 2564 vocant
1680 2512 1801 2579 videres,

976 2592 1052 2661 quia,
1077 2609 1148 2663 opes
1172 2609 1247 2663 quas
1272 2596 1298 2650 el
1323 2597 1398 2652 licus
1421 2596 1570 2666 prolusius
1596 2597 1726 2668 largitus
1750 2606 1800 2668 est,

977 2680 1061 2750 pleno
1082 2687 1113 2735 ut
1139 2683 1177 2737 ita
1201 2683 1322 2737 dixerim
1348 2699 1439 2739 cornu
1460 2699 1511 2754 per
1532 2699 1637 2742 manus
1655 2688 1798 2757 egentium

975 2770 1138 2824 transmisit
1154 2771 1181 2825 iu
1197 2773 1313 2827 ciclum.

1009 2862 1033 2912 3.
1053 2861 1224 2915 llorrnstcria
1241 2875 1374 2929 narnquc,
1393 2861 1630 2930 quaeTrererieae
1648 2863 1798 2932 subjacent

96 2955 279 3025 specialitate
298 2971 355 3029 prro
370 2955 488 3023 cerens,
507 2960 770 3026 quatennsrnoran
788 2959 916 3014 aesinam
973 2949 1099 3017 exonie,
1112 2950 1282 3019 cintorpsrus
1294 2965 1362 3004 sone
1376 2955 1504 3020 ternpore
1521 2950 1598 3006 ultra
1615 2967 1798 3009 communem

96 3044 124 3098 jn
140 3043 292 3114 explendis
309 3043 438 3113 pijpum
455 3059 573 3101 sumum
588 3046 804 3117 psae009q13‚0q
820 3062 918 3117 quam.
934 3069 958 3131 C
973 3037 1030 3091 beo
1046 3037 1234 3092 servientium
1253 3037 1366 3094 modum
1384 3044 1467 3094 erant
1483 3039 1579 3109 indiga
1596 3043 1687 3110 atque
1705 3055 1799 3112 asper·

95 3146 180 3202 quam
192 3132 447 3201 qusqnjunganqpp
458 3133 659 3203 jffipffisjqua,
671 3135 705 3190 [10
718 3136 828 3191 00„an
846 3151 918 3190 sem.
973 3125 1044 3179 rirna
1053 3125 1220 3180 victualium
1230 3141 1281 3180 nee
1294 3142 1348 3181 non
1362 3126 1529 3184 utensilium
1544 3129 1680 3184 conlecta
1695 3130 1797 3201 inopia,

96 3235 148 3292 por
165 3220 352 3274 miseratione
367 3221 559 3291 confidentes,
572 3221 665 3277 sciant
678 3223 733 3278 sibi
745 3225 838 3279 oninia
857 3225 916 3280 iore
972 3217 1000 3268 di
1014 3215 1049 3267 0¹·
1062 3213 1113 3267 hoc
1125 3213 1226 3277 ltiis'id
1241 3216 1398 3270 ¹¹¹0¹l²182i0³
1416 3230 1470 3269 ¹¹0ss
1488 3215 1637 3272 minimum
1656 3231 1742 3287 93333
1758 3222 1797 3273 ⁰5¹

94 3308 262 3379 explebilia.
279 3308 463 3379 Quapropter
479 3310 615 3380 experiar
629 3312 706 3367 volis
719 3328 781 3381 qum
796 3313 918 3382 injungi.
973 3300 1142 3371 deliquium.
1161 3301 1264 3371 Sicquc
1281 3308 1449 3358 rarescente
1464 3319 1575 3358 morum
1603 3306 1797 3374 perlectorum

94 3397 143 3463 tis,
161 3403 244 3453 certo
260 3397 372 3452 certius
385 3397 517 3461 credens,
532 3400 608 3468 quod
623 3401 725 3456 beatus
741 3400 841 3457 Celsus
856 3403 917 3458 suis
971 3389 1157 3447 Veliiiilfflle·
1172 3390 1247 3458 ignis
1264 3391 1311 3445 iili
1327 3391 1415 3446 divini
1431 3392 1547 3460 amoris,
1571 3406 1659 3461 quem
1687 3392 1797 3448 Velitis

96 3485 162 3539 mihi
178 3486 315 3555 precihus
331 3486 425 3556 possit
439 3485 582 3556 obtinere,
599 3494 744 3558 quatenus
759 3490 812 3545 hoc
837 3494 917 3561 glau-

96 3587 160 3630 cum
178 3574 299 3643 polagus
310 3573 521 3630 merearsalris
533 3576 678 3631 mercibus
694 3583 812 3633 enatare
829 3584 915 3649 atque

98 3662 131 3716 ad
149 3660 306 3732 optabilem
324 3666 441 3732 portum
458 3662 567 3718 illaesus
583 3664 694 3719 valeam
711 3667 874 3737 pervenire.

133 3753 156 3805 l.
176 3751 245 3804 Cum
262 3750 395 3806 omnihus
411 3750 513 3808 divinae
529 3756 616 3822 atquc
632 3753 763 3810 humanae
790 3755 916 3826 philoso-

95 3837 168 3909 phire
185 3839 383 3895 sectatoribus
400 3839 510 3910 liquido
524 3848 651 3911 constet,
669 3843 744 3912 quod
762 3845 914 3900 Treveriea

93 3927 264 3997 metropolis
289 3932 349 3982 tum
376 3928 526 3984 mundanae
552 3929 704 3999 dignitatis
727 3931 914 4002 antiquitate,

92 4019 153 4068 tum
166 4015 252 4069 etiam
265 4015 418 4073 calliolicae
433 4017 498 4072 idei
510 4018 649 4073 cardinali
664 4011 825 4089 majestate,
850 4021 915 4090 jure

93 4103 256 4173 meritoque
273 4105 363 4160 totius
380 4104 478 4161 Galliae
495 4105 699 4163 archisterium
712 4107 786 4178 (halt)
800 4109 837 4163 sit
850 4109 916 4165 hac·

93 4191 914 4266 tenusvocitataatqueapostolicacauctoritatisquadam

972 3477 1050 3531 misit
1068 3477 1094 3531 iu
1113 3480 1220 3533 terram
1235 3485 1262 3534 et
1280 3479 1372 3534 voluit
1390 3480 1577 3534 vehementer
1594 3481 1728 3549 accendi,
1743 3481 1796 3550 jam

971 3565 1137 3621 alrundantc
1153 3582 1269 3637 quoquo
1285 3567 1414 3624 locorum
1439 3568 1605 3638 iniquitate,
1634 3584 1691 3625 non
1718 3569 1795 3624 modo

972 3653 1140 3724 frigescere,
1155 3670 1251 3711 verum
1266 3656 1342 3725 quod
1354 3655 1550 3728 periculosius
1563 3661 1620 3727 est,
1634 3658 1732 3714 modis
1743 3672 1796 3711 onr-

973 3741 1057 3797 nibus
1072 3743 1162 3813 eoeplt
1185 3744 1325 3814 extingui.
1353 3747 1423 3800 Nam
1448 3745 1622 3802 venerandae
1650 3747 1793 3802 memoria

973 3834 1144 3887 antecessor
1159 3832 1222 3901 ejus
1237 3833 1431 3890 Theodericus
1446 3835 1549 3890 doctor
1564 3834 1685 3905 quidem
1700 3835 1794 3890 extitit

972 3918 1199 3976 facundissimus
1224 3927 1312 3992 atque
1337 3922 1452 3980 familiae
1479 3923 1590 3977 bomini
1622 3928 1793 3995 procurator

971 4007 1134 4065 industrius
1147 4027 1153 4076 ;
1164 4008 1215 4065 scd
1229 4010 1295 4080 quia
1305 4011 1446 4081 temporis
1458 4012 1594 4080 angustia
1607 4013 1645 4067 oh
1661 4009 1793 4081 multipli-

970 4111 1019 4153 ces
1036 4096 1076 4152 rei
1091 4097 1216 4168 publicae
1230 4100 1399 4155 exactiones
1417 4099 1527 4157 totiens
1544 4100 1718 4171 totiensque
1737 4103 1792 4154 erat

970 4190 1131 4256 coartatus,
1149 4187 1245 4243 minus
1260 4188 1502 4245 monasteriorum
1524 4188 1792 4244 necessitudinibus

94 4280 327 4352 particularitate
340 4283 448 4337 ceteris
461 4282 693 4352 undiquessecus
702 4284 835 4341 ecelesiis
847 4286 916 4341 emi·
969 4275 1137 4341 consulunt
1156 4276 1219 4346 quia
1233 4291 1285 4332 ¹¹⁰⁰
1299 4276 1385 4335 udde·
1404 4277 1520 4332 Oblfflffl
1536 4277 1592 4332 Sibi
1606 4278 1672 4333 luit.
1691 4280 1727 4332 Ᾰῑ
1744 4276 1791 4332 5³¹²*

92 4366 912 4440 nentiussublhnata;obhocscilieetlaetabileaceldons,
971 4377 1081 4419 ⁸¹1fflffl0
1106 4365 1291 4421 lesseldmisse
1319 4365 1509 4421 ss⁰¹¹¹l¹¹³¹¹d1¹⁸
1537 4366 1649 4435 legiam
1681 4367 1754 4421 viam
1778 4381 1790 4416 ³

92 4456 170 4525 quod
181 4471 242 4511 earn
256 4457 784 4532 univcrsitatisconditrixpersoualis
796 4464 914 4519 trinitas
929 4425 956 4486 D
971 4450 1084 4508 deliris
1095 4459 1124 4508 θῑ
1136 4469 1149 4509 ἱ]
1163 4453 1292 4509 Sinisit'ts
1304 4454 1452 4520 incedens,
1466 4453 1592 4509 militum
1606 4455 1792 4510 asstbilfflssiffl

92 4548 180 4614 atquc
195 4545 361 4602 essentialis
373 4548 469 4603 unitas
477 4551 552 4606 licus
565 4550 711 4621 primitivo
722 4552 815 4608 sancti
829 4567 915 4609 evan·

91 4633 159 4702 gelli
177 4632 288 4703 iulgoro
304 4649 356 4705 por
374 4636 460 4693 trium
472 4639 672 4708 operariorum
684 4655 800 4697 suorum
812 4656 915 4712 perpe-

91 4723 143 4780 tim
161 4723 402 4779 remunerandum
419 4724 546 4782 lahorem
562 4727 664 4783 deifice
680 4729 801 4785 visitare
826 4734 913 4801 atquc

91 4810 257 4867 illuminare
273 4811 390 4880 dignata
406 4818 470 4869 est:
487 4814 560 4871 satis
576 4831 678 4872 revera
702 4817 915 4888 inconsequens

91 4900 208 4967 visitur,
226 4899 248 4955 sl
265 4915 297 4955 ea
322 4916 386 4971 quae
412 4906 469 4957 tarn
493 4901 540 4936 ³⁸⁶⁴
561 4904 697 4960 clementi
727 4912 861 4975 respectu
886 4908 912 4963 in

90 4989 173 5046 calce
190 4994 352 5059 temporum
365 4991 440 5061 apud
453 4991 581 5062 eiusdem
595 4993 676 5050 urbis
687 4995 856 5066 ariopagum
868 5012 913 5052 os-

90 5077 213 5133 tendere
229 5077 354 5148 censuit,
370 5077 478 5136 silentii
495 5085 613 5154 torpore
625 5083 771 5139 iurnaliter
788 5083 913 5142 inauras

89 5171 268 5222 evanescant
272 5208 326 5223 .....

969 4541 1118 4597 refrenare
1131 4556 1186 4598 non
1199 4540 1304 4611 timuit,
1318 4541 1600 4613 conprovincialium
1614 4543 1792 4613 tyrannidem

970 4627 1793 4701 aequusarbiterauctoritatecompressit,etomniaqua

969 4717 1157 4773 monasteriis
1182 4718 1281 4773 hostili
1313 4719 1427 4775 scierant
1454 4718 1607 4774 invasione
1642 4720 1794 4776 subtracta

970 4818 1055 4860 manu
1070 4805 1247 4875 potestativa
1263 4806 1465 4876 undecumque
1480 4803 1635 4876 recollegit
1654 4822 1689 4864 ac
1704 4822 1795 4864 mona·

969 4892 1124 4950 steriorum
1134 4893 1326 4964 partibussub
1338 4893 1598 4964 magnavigilantia
1609 4897 1796 4966 reconsigna·

969 4980 1020 5049 vit,
1035 4985 1063 5036 et
1081 4987 1111 5036 ut
1128 4981 1194 5053 pius
1209 4982 1420 5053 paterfamilias
1436 4980 1567 5052 neglecta
1595 4986 1689 5054 atquc
1714 4988 1795 5040 aetate

968 5074 1140 5142 cousumpta
1156 5070 1298 5126 resarcire
1314 5075 1467 5143 tantopere
1483 5071 1608 5127 curavit.

1005 5163 1029 5215 l.
1048 5161 1175 5229 Cumque
1192 5163 1312 5231 paterna
1328 5159 1435 5217 lumina
1449 5165 1478 5216 et
1494 5158 1529 5215 ad
1546 5165 1632 5231 septa
1651 5162 1734 5220 beati
1749 5163 1794 5219 Eu·

777 5268 894 5328 VARIAE
915 5274 1116 5331 tacrlon'as.

891 5415 992 5472 NOTAE

123 5501 188 5646 im
218 5498 294 5554 ldem
311 5500 481 5559 vocabulum
496 5505 524 5561 in
541 5507 603 5564 llita
621 5507 647 5564 S.
664 5511 781 5570 antonii
799 5517 828 5568 ct
841 5511 950 5571 belcoli
966 5512 1022 5585 legi
1038 5513 1189 5571 llenschcn
1204 5514 1326 5569 notavit.

124 5328 171 5365 ⁸⁸⁶⁴
183 5329 242 5401 jam
259 5331 303 5388 ed.

137 5575 188 5628 aad
216 5571 255 5626 lle
269 5585 326 5642 qua
340 5573 378 5628 ci.
394 5586 482 5644 supra
498 5576 583 5634 Gesta
598 5594 624 5635 c.
641 5585 684 5637 ab.
