3788 6000
150 201 206 278 8ss
729 201 971 279 BKKEHARDI
994 206 1272 278 anteat-'nse
1799 211 1860 277 sta

184 345 373 423 Phylippieus
385 351 481 408 autem
496 348 690 408 lastinianum
705 349 910 423 imperatorem
927 349 1016 412 or·A
1033 350 1200 416 Barcctum;
1217 349 1348 420 itemque
1365 348 1392 404 in
1409 347 1518 405 Alauna
1537 347 1606 406 villa
1624 349 1742 423 propria
1759 363 1859 407 mona·

150 441 232 511 cidit,
246 455 425 511 regnumque
441 442 502 513 ejus
519 456 568 513 per
584 457 689 497 atinum
701 448 730 495 et
741 456 792 496 sex
805 454 919 495 irienses
933 445 973 495 le·
1031 439 1152 495 sterium
1170 439 1237 494 lecit
1254 438 1280 493 in
1298 439 1408 495 bonore
1429 439 1522 494 sancti
1545 441 1690 496 Anastasii
1707 440 1857 510 martyris.

151 531 228 597 nnit;
244 531 372 586 surrexit
384 531 460 585 euim
476 536 578 586 cantra
595 545 659 584 eum
679 529 859 596 Anastasius,
877 529 926 599 qui
942 532 970 584 et
1030 528 1170 583 Similiter
1181 527 1422 583 iceitaecclesiam
1438 527 1546 583 tlornini
1563 528 1724 585 saltatoris
1737 529 1765 584 in
1780 529 1860 599 pala·

85 632 88 642 ¹
150 620 319 676 Anthemius
339 620 436 675 (lictus
450 624 506 688 est,
523 623 551 673 et
568 619 654 689 ejecit
669 632 733 673 eum
749 619 784 673 do
800 633 887 687 regno
906 633 973 673 ocu·
1029 617 1071 671 tio
1086 632 1149 686 suo,
1164 620 1192 671 et
1208 615 1354 672 ordinavit
1370 615 1408 670 ibi
1423 617 1594 671 sacerdotes
1610 625 1640 672 et
1655 618 1792 688 elericos,
1808 617 1857 688 qui

150 709 251 779 losqrm
266 709 330 778 eius
344 723 497 779 erumpere
514 707 593 784 t'rcit.
610 707 781 763 Anastasius
796 711 891 763 autem
906 722 971 763 cum
1028 705 1150 761 cottidie
1180 704 1277 761 divina
1303 704 1394 759 aliloia
1412 704 1450 758 ibi
1467 704 1663 775 celebrarent,
1682 707 1759 776 qnod
1787 723 1858 763 nun-

150 799 280 853 mitterct
298 810 387 852 naves
401 796 428 850 in
444 795 648 850 Alexandriam
665 799 766 850 eontra
784 797 971 862 Sarracenos,
1029 809 1113 864 quam
1130 793 1179 848 alii
1196 808 1282 863 reges
1302 797 1369 850 ante
1389 793 1482 864 ipsum
1501 793 1675 850 halmerunt.
1697 796 1855 866 Postquam

151 887 332 942 divertentes
347 884 455 939 milites
471 883 753 954 Constantinopolim
769 884 971 954 exquisierunt
1028 897 1098 938 vero
1124 881 1254 952 regnavit
1272 896 1324 954 per
1337 897 1427 938 annas
1443 886 1472 936 31
1491 887 1520 937 et
1537 897 1651 938 menses
1663 889 1691 953 7,
1719 890 1855 940 mortuus

148 973 350 1042 Theodosium,
376 972 570 1028 orthodoxum
597 972 700 1037 virum,
727 977 757 1027 et
783 973 903 1028 inritum
922 987 973 1043 per
1027 976 1082 1040 ast,
1096 968 1289 1041 sepultusque
1304 975 1348 1026 est
1360 970 1386 1025 in
1399 969 1634 1027 aecclesiasancti
1650 971 1771 1028 Adriani
1784 987 1855 1027 mar-

148 1060 316 1118 violentiam
341 1065 503 1132 posuerunt
529 1060 556 1115 in
582 1075 712 1130 regnum.
744 1061 850 1116 Exiens
875 1066 971 1117 autem
1029 1059 1112 1129 tyriS,
1139 1058 1187 1114 ubi
1207 1062 1237 1114 et
1257 1062 1341 1129 pater
1365 1059 1428 1130 ejas
1452 1058 1586 1130 sepultus
1601 1064 1656 1115 est.
1675 1059 1741 1116 Fuit
1758 1065 1853 1116 autem

148 1149 223 1204 idem
240 1148 419 1205 Theodosius
431 1148 466 1204 do
479 1147 730 1219 Constantinopoli
744 1149 769 1203 in
783 1148 908 1218 Nicearn,
923 1163 973 1218 pu·
1029 1146 1143 1218 sapiens
1154 1151 1183 1202 et
1196 1147 1291 1216 sortis,
1308 1150 1419 1202 amator
1436 1147 1525 1219 pacis,
1538 1147 1727 1219 culpantibus
1745 1149 1855 1205 miseri-

147 1236 357 1306 gnavitcontra
371 1237 568 1305 Anastasium,
581 1240 611 1290 et
622 1235 690 1290 vicit
703 1250 779 1304 eom,
797 1234 923 1305 tulitque
936 1235 972 1291 ab
1027 1248 1103 1304 cors,
1119 1238 1228 1299 castus,
1247 1234 1430 1292 orationibus
1442 1240 1471 1291 et
1482 1235 1590 1305 uigiliis
1606 1235 1737 1308 deditus,
1754 1238 1784 1292 in
1800 1238 1854 1294 ale·

146 1339 182 1380 eo
199 1329 423 1393 sacramentnm,
441 1329 468 1379 et
489 1339 553 1380 enm
577 1323 717 1379 clericum
744 1323 804 1378 lieri
828 1323 969 1394 tussitat
1028 1321 1150 1377 mosinis
1171 1322 1285 1391 largus;
1307 1319 1422 1378 litteras
1444 1337 1499 1378 nan
1520 1323 1609 1392 novit,
1627 1324 1677 1380 sed
1696 1327 1795 1381 tamen
1811 1326 1853 1381 sie

147 1418 248 1485 postea
275 1414 470 1485 presbiterum
495 1412 624 1468 ordinari
651 1412 728 1467 iecit.
745 1412 859 1467 Mortuo
874 1416 970 1468 autem
1027 1410 1145 1480 sapiens
1161 1409 1225 1479 init,
1243 1415 1276 1466 ut
1291 1410 1481 1482 phylosophis
1496 1411 1713 1468 assimulandus
1730 1413 1784 1469 sit.

145 1502 309 1559 Theodosio
325 1505 391 1573 post
402 1516 506 1558 annum
523 1517 621 1571 unuin,
639 1502 695 1557 Leo
712 1502 805 1556 lactus
820 1503 864 1556 cst
883 1500 970 1572 impe·
1063 1500 1216 1570 Hucusque
1228 1499 1263 1555 de
1275 1500 1530 1569 Langobardorum
1542 1501 1638 1571 gentis
1649 1501 1765 1571 origine
1780 1503 1854 1574 ejus·

146 1595 238 1647 rator.
1028 1601 1083 1657 quo
1101 1587 1128 1641 in
1145 1587 1256 1643 ltaliam
1279 1588 1460 1658 ingressione
1481 1604 1640 1660 regumque
1656 1591 1720 1661 ejus
1737 1606 1852 1647 sucees-

183 1680 264 1751 Apnd
287 1693 407 1749 regnum
424 1680 599 1736 Francorum
616 1679 667 1733 illo
683 1679 709 1733 in
727 1682 859 1748 tempora
874 1678 970 1749 Pippi·
1027 1675 1110 1731 sione
1134 1675 1259 1731 strictim
1285 1677 1487 1749 descripsisse,
1510 1679 1719 1749 imperatarum
1737 1694 1851 1750 quoquc

145 1784 200 1825 nus
223 1768 365 1838 regnarit,
387 1769 435 1838 qni
458 1769 510 1824 suit
532 1768 648 1823 nimium
675 1767 769 1822 audax
796 1782 969 1838 semperque
1026 1763 1221 1820 Romanorum
1247 1764 1363 1820 interim
1390 1766 1572 1836 regnantium
1599 1767 1761 1823 nominant
1785 1772 1852 1823 tem-

145 1858 181 1914 ab
196 1857 330 1913 bostibus
346 1857 498 1912 victoriam
514 1856 623 1911 babuit.
644 1855 904 1926 ilicitanuittilias,
918 1856 970 1913 sed
1027 1866 1095 1923 para
1121 1852 1250 1908 breviter
1276 1853 1409 1923 tetigisse
1434 1854 1567 1923 sutilciat,
1595 1870 1670 1912 nunc
1697 1855 1733 1912 ad
1761 1862 1852 1927 cepta

144 1945 233 2001 exeis
243 1944 366 2001 Karalus
376 1945 504 2016 optimus
514 1944 622 2014 extitit,
634 1943 682 2014 qui
697 1948 835 2015 postcom
848 1958 968 2013 regnum
1026 1940 1113 1996 seriei
1131 1939 1335 2012 digestionem,
1349 1941 1424 1998 unde
1437 1942 1586 2014 paululum
1602 1943 1730 2014 digressi
1743 1959 1851 2016 snmus,

145 2033 267 2104 accepit.
1025 2028 1186 2102 descriptio
1203 2031 1315 2087 redeat.

181 2122 265 2177 Circa
276 2121 337 2178 haec
349 2124 480 2193 tempora
493 2125 686 2192 compunctus
698 2120 796 2176 divino
808 2135 906 2177 ornare
918 2123 969 2175 Pa·
1061 2118 1111 2187 (H.
1128 2120 1180 2189 aa.)
1204 2120 1335 2176 lustinus
1359 2120 1518 2191 imperator
1543 2122 1697 2192 Tyberium
1714 2124 1848 2179 comitem

142 2215 247 2267 tranas
265 2211 300 2266 de
317 2209 411 2264 Brixia
433 2209 513 2265 venit
531 2210 660 2279 Roaiam,
677 2215 705 2264 et
724 2224 776 2280 per
789 2209 968 2265 exhortatio·
1024 2208 1228 2265 excubitorum
1241 2208 1296 2265 sibi
1309 2207 1399 2265 Filium
1411 2209 1530 2280 iaciens,
1545 2225 1674 2267 cesarem
1689 2210 1846 2282 appellarit

143 2313 207 2354 nem
226 2297 270 2331 ¹⁰⁶⁸
286 2298 364 2354 beati
381 2297 523 2367 Gregorii,
540 2303 610 2354 tune
628 2297 768 2368 temporis
779 2312 872 2369 papae,
890 2297 967 2352 uenit
1024 2299 1053 2350 ct
1065 2310 1264 2352 consessorem
1275 2312 1360 2353 suurn
1372 2298 1536 2354 constituit.
1550 2300 1618 2354 Erat
1630 2299 1793 2370 imperator
1804 2315 1848 2370 pe·

142 2386 170 2442 in
187 2387 334 2444 Cassinum
356 2391 497 2455 castrum,
518 2385 665 2456 coepitque
687 2385 725 2440 ibi
747 2384 880 2442 babitare
902 2400 973 2442 curn·
1024 2381 1110 2440 dibus
1124 2399 1204 2454 eger,
1216 2389 1245 2440 et
1258 2385 1377 2457 perhac
1389 2387 1480 2456 magis
1494 2387 1522 2442 in
1537 2387 1646 2445 lectula
1659 2389 1764 2458 jacuit.
1783 2391 1845 2444 Post

142 2473 509 2546 simplicibushominibus,
523 2473 571 2543 qni
583 2478 653 2529 tune
667 2473 704 2529 ibi
719 2472 895 2529 residebant.
913 2473 966 2540 Qui
1022 2471 1085 2528 haec
1101 2472 1273 2544 infirmatus,
1295 2475 1347 2531 sed
1368 2479 1435 2547 pasl
1456 2475 1605 2546 paululum
1620 2491 1635 2532 a
1652 2476 1796 2546 languore
1809 2477 1847 2532 di·

141 2561 247 2618 deinde
261 2562 382 2619 cundem
400 2561 594 2617 venerabilem
612 2561 705 2617 virum
723 2563 910 2618 petronacem
929 2563 967 2617 le·
1023 2561 1140 2633 missuS,
1155 2563 1327 2620 convocavit
1342 2569 1399 2619 tam
1416 2564 1559 2620 Boticium
1577 2564 1747 2636 pontificem
1763 2571 1792 2621 et
1806 2580 1845 2620 sc-

141 2654 246 2706 cerunt
261 2650 315 2704 sibi
332 2650 487 2705 seniorem.
514 2651 670 2720 Coepcrout
693 2656 790 2706 autem
815 2651 913 2705 statim
930 2648 965 2706 ad
1022 2652 1131 2720 natum,
1146 2665 1229 2721 quam
1242 2666 1343 2708 omnes
1354 2653 1523 2709 sacerdotes
1534 2657 1563 2708 et
1574 2653 1665 2724 cives,
1676 2659 1706 2709 et
1720 2654 1846 2711 adducto

141 2743 207 2794 curn
223 2751 401 2793 concurrere
418 2735 500 2791 multi
514 2736 566 2791 viri
581 2736 703 2806 nobiles,
717 2743 747 2792 et
757 2738 913 2807 adjurante
925 2739 966 2796 di·
1022 2751 1132 2793 caesare
1147 2739 1278 2810 tyberio,
1292 2740 1386 2812 palam
1398 2741 1532 2798 omnibus
1545 2741 1705 2812 appellarit
1716 2757 1783 2799 eum
1799 2744 1846 2798 irn-

141 2826 206 2882 rina
222 2825 328 2895 gratia,
344 2839 396 2896 pra
413 2824 525 2879 meritis
543 2825 620 2880 beati
639 2825 729 2896 patris
745 2827 904 2891 Benedicti,
922 2841 966 2882 re·
1023 2831 1197 2896 perstarem,
1217 2828 1261 2884 his
1277 2830 1461 2886 sermonibus
1478 2831 1846 2892 11111111111111111-

141 2914 254 2986 paravit
271 2913 367 2984 priora
384 2912 559 2971 habitacula.
573 2913 732 2984 vivensque
749 2929 813 2970 cunr
830 2915 965 2971 omnibns
1021 2913 1095 2972 tecit
1108 2913 1173 2984 titi,
1191 2916 1268 2973 tuae
1282 2916 1419 2975 lotitiam
1430 2920 1511 2975 Deus
1528 2918 1583 2974 att
1597 2918 1689 2988 dedit,
1704 2933 1764 2977 1111
1778 2934 1841 2992 ego.

140 3003 196 3058 sub
209 3003 280 3073 iuga
297 3007 405 3058 sanetae
425 3001 533 3071 regulae
554 3002 712 3058 secondum
734 3003 865 3059 ordinem
887 3004 964 3060 beati
1020 3001 1143 3059 Honora
1157 3002 1253 3074 ittarta,
1269 3005 1305 3061 at
1318 3006 1350 3061 tu
1364 3020 1481 3076 qaoque
1494 3006 1648 3065 donareris
1661 3007 1700 3064 ab
1714 3008 1785 3078 aa·
1799 3008 1846 3065 ta

141 3091 300 3160 Benedicti,
328 3096 461 3147 sanctum
484 3089 555 3146 illud
576 3092 785 3146 monasterium
802 3091 838 3148 ad
857 3094 963 3149 bonnm
980 3082 1094 3147 Caere
1116 3091 1243 3148 metram
1267 3093 1359 3164 traam,
1386 3109 1452 3165 quac
1475 3094 1640 3167 aliquunde
1655 3095 1712 3153 tttt
1725 3096 1844 3154 domino

139 3179 319 3249 perduxerat
331 3183 449 3234 statum.
465 3179 536 3235 Huic
546 3177 705 3234 venerabili
719 3180 781 3235 tiro
794 3181 882 3236 multa
897 3181 964 3237 iecit
1020 3176 1099 3244 t'ttt‘t,·
1112 3179 1201 3248 nosti,
1218 3181 1553 3253 quodprtanruusutris
1564 3182 1753 3254 ejiceremus,
1769 3197 1846 3241 nunt

140 3267 285 3334 adjutoria
307 3266 433 3323 dilectus
453 3268 511 3321 beo
531 3267 685 3322 Zacharias
702 3282 785 3338 papa,
803 3268 875 3324 dans
890 3269 915 3324 ei
932 3269 965 3324 li·
1019 3264 1118 3322 nutem
1136 3267 1234 3338 filius.
1261 3270 1306 3327 Ne
1324 3271 1540 3341 protuleritis
1555 3271 1768 3342 sanguinibus,
1794 3286 1846 3329 111

112 3418 115 3424 ,
141 3356 211 3410 bros
222 3359 330 3411 sanotae
342 3355 497 3426 scriptura
508 3361 539 3410 et
550 3355 604 3409 alia
616 3371 680 3424 quae
690 3356 724 3410 ad
737 3356 895 3412 utilitatem
907 3374 965 3414 mo-
1019 3357 1213 3413 communires
1224 3356 1394 3428 homicidia,
1406 3360 1843 3431 11111111111111111111111111ι

139 3443 261 3500 nestorii
275 3443 434 3514 pertinent,
443 3442 562 3514 insuper
571 3448 599 3498 ct
611 3444 751 3514 regulam,
765 3460 849 3515 quam
862 3447 966 3504 beatus
1018 3455 1055 3497 ae
1065 3441 1187 3499 inmoto
1200 3444 1374 3503 inimicicie
1383 3447 1475 3504 otiati
1484 3447 1596 3505 similis
1611 3449 1775 3519 efficiaris·
1788 3463 1846 3506 aaa

140 3537 223 3604 pater
236 3532 411 3588 Benedictus
426 3532 560 3587 manibus
575 3531 636 3587 suis
651 3533 781 3603 scripsit.
800 3534 841 3588 Ab
855 3534 904 3590 illo
917 3551 965 3592 au·
1020 3531 1146 3588 eleaelte
1155 3530 1276 3590 totitas
1287 3534 1337 3591 tio
1347 3537 1662 3606 111111111111111111
1671 3539 1719 3595 stc
1728 3538 1846 3595 1111111

138 3625 198 3677 tem
213 3624 355 3690 tempore,
372 3634 408 3675 ex
420 3635 477 3690 quo
493 3620 576 3676 lacus
591 3620 641 3675 ille
657 3621 828 3677 destructus
844 3628 898 3691 est,
918 3639 964 3680 us·
1019 3619 1154 3677 aaronitas
1166 3621 1245 3678 sicet
1257 3622 1329 3691 tibi,·
1341 3626 1415 3681 seito
1428 3625 1618 3698 patefeceris,
1630 3626 1843 3697 aasupertiar,

140 3723 196 3780 que
207 3708 242 3763 ad
256 3708 315 3778 jam
331 3707 441 3764 dictum
457 3708 592 3764 abbatem
609 3711 810 3782 Petronacem,
825 3711 962 3783 completi
1019 3708 1845 3784 1111111111111.011111ῑεί111111111111111111,111

140 3796 256 3854 Fuerunt
272 3800 389 3853 centum
405 3802 435 3852 et
451 3797 551 3853 dacem
566 3798 642 3853 anni.
1019 3798 1654 3872 1111111111,111111111111111111111111
1667 3803 1762 3860 aldes.
1782 3805 1843 3860 ttae

175 3887 205 3941 ln
222 3885 352 3955 Francia,
373 3889 489 3942 mortuo
509 3886 640 3958 Pippino,
660 3886 736 3943 filius
752 3889 814 3957 ejus
830 3887 960 3960 liarolus,
1018 3900 1083 3942 eum
1103 3886 1238 3957 dixisset,
1260 3891 1290 3942 et
1311 3887 1385 3944 iacta
1402 3889 1535 3944 oratione
1552 3904 1567 3945 a
1585 3890 1842 3960 patriarchalium

139 3974 335 4047 quamvisper
351 3975 457 4031 multas
483 3989 604 4047 pugnas,
628 3975 694 4032 tulit
715 3977 910 4048 principatum
927 3977 963 4033 de
1018 3970 1161 4029 dixissent
1177 3988 1277 4030 omnes
1290 3994 1296 4028 :
1308 3975 1409 4047 Antea,
1423 3976 1631 4034 cccirlitcaesar
1643 3978 1680 4034 ad
1692 3979 1785 4050 pedes
1797 3980 1843 4034 im·

138 4068 285 4135 potestate
311 4062 483 4134 Beginlridi.
511 4066 589 4120 inter
613 4065 674 4120 baee
699 4065 895 4136 liutprandus
912 4079 961 4121 rex
1018 4062 1175 4132 peratoris,
1193 4066 1220 4117 et
1238 4063 1348 4118 dixitei
1362 4083 1368 4117 :
1381 4065 1484 4134 Sitis,
1496 4067 1686 4137 sum-siais,
1699 4081 1839 4126 1111111111.

139 4154 260 4210 audiens
276 4154 352 4224 quod
369 4154 521 4210 sarraceni
538 4153 772 4225 depredarentur
788 4155 959 4225 Sardiniam,
1017 4151 1052 4205 Bt
1065 4149 1221 4221 imperator
1238 4151 1277 4205 ait
1291 4170 1296 4204 :
1309 4152 1398 4222 Deus,
1415 4154 1469 4222 qai
1474 4153 1555 4223 fecit
1566 4155 1671 4211 cetam
1682 4156 1713 4212 et
1722 4156 1841 4224 1111111,

138 4242 218 4299 dedit
234 4256 367 4312 magnum
385 4242 524 4313 precium,
543 4246 571 4297 et
588 4242 666 4299 misit
684 4243 712 4297 in
734 4243 905 4314 Sardiniam,
924 4243 961 4299 to·
1016 4239 1841 4311 1111111111111111111111111111111111111111111111-

136 4330 235 4402 citque
250 4331 316 4386 inde
333 4330 438 4386 adduci
453 4344 521 4386 assa
535 4331 629 4387 sancti
645 4331 801 4400 Augustini
817 4331 959 4404 episcopi,
1018 4327 1072 4385 tor.
1084 4329 1151 4385 ilaec
1162 4342 1227 4384 cum
1239 4329 1410 4399 loqueretur
1426 4330 1595 4402 imperator,
1612 4332 1750 4405 replebat
1762 4333 1838 4390 laer-i

137 4423 167 4476 et
182 4419 280 4490 posuit
299 4418 346 4474 illa
368 4419 526 4476 honorilice
543 4420 570 4476 in
585 4421 692 4476 Ticino.

975 4449 1002 4511 D
1017 4418 1071 4473 mis
1083 4421 1177 4474 toturn
1189 4416 1353 4488 collegium.
1369 4420 1439 4475 Post
1450 4420 1510 4477 baec
1521 4423 1536 4476 l
1539 4421 1656 4478 ustinus
1668 4437 1745 4480 anno
1757 4429 1787 4480 tt
1800 4437 1839 4478 re·

172 4508 242 4562 Post
268 4506 329 4563 baec
355 4507 477 4564 iiarolus
501 4524 552 4565 rex
577 4511 753 4565 Francorum
770 4510 847 4565 misit
864 4510 961 4583 Pippi·
1016 4506 1064 4577 gni
1077 4507 1772 4580 suimartuusest,relictaFyberiasuccessore.

136 4610 204 4653 num
216 4594 306 4652 illium
319 4611 402 4652 snum
414 4597 449 4652 ad
463 4597 671 4668 liutprandum
686 4612 794 4668 regem,
813 4603 843 4654 nt
860 4599 961 4657 tonde·
1017 4595 1089 4651 Anni
1105 4594 1149 4629 ¹⁰⁸⁴
1164 4596 1280 4652 tustini.

136 4687 181 4741 ret
195 4682 318 4755 capillos
331 4684 434 4753 ejusct
446 4685 554 4740 iaceret
571 4700 637 4741 eum
653 4687 707 4742 sibi
725 4686 830 4742 exinde
846 4701 960 4759 compa-

137 4776 226 4839 trcm;
243 4772 318 4844 quad
331 4773 379 4828 ille
392 4773 471 4843 iecit,
490 4788 670 4844 puerumque
685 4774 846 4838 curationis
861 4775 960 4832 multis

136 4863 170 4919 ati
188 4867 298 4933 patrem
316 4861 438 4918 remisit.

171 4952 264 5022 igitur
278 4951 475 5023 Liutprandos
488 4966 539 5008 rex
551 4950 657 5008 multas
672 4951 821 5010 aecclesias
833 4969 883 5025 per
894 4953 957 5011 loca

48 5015 51 5029 ¹
136 5040 251 5097 diversa
264 5041 440 5097 construxit.
463 5040 544 5096 Fecit
563 5040 639 5096 enim
655 5041 863 5098 monasterium
880 5043 957 5099 beati

135 5127 214 5182 Petri
226 5127 353 5198 apostoli
366 5129 437 5186 laris
449 5144 547 5186 nruras
557 5129 718 5187 Tieinensis
728 5131 867 5202 civitatis,
880 5133 957 5202 quad

112 5234 115 5239 ¹
137 5212 243 5271 dicitur
259 5214 294 5270 ad
309 5215 414 5273 Caelum
429 5232 560 5291 aureum,
577 5224 607 5277 et
623 5235 739 5278 sursum
752 5220 780 5275 in
792 5218 914 5291 Alpibus
930 5221 956 5276 in

134 5303 253 5376 propria
269 5318 321 5360 soa
336 5305 405 5362 villa
425 5308 496 5364 lecit
517 5310 737 5380 nronastorium,
755 5307 833 5380 quod
850 5307 957 5366 dieitur

1054 4691 1076 4740 1.
1099 4685 1181 4754 (dtr.
1207 4686 1259 4758 W.)
1281 4686 1377 4742 Primo
1393 4695 1489 4743 antem
1506 4703 1580 4746 aona
1594 4688 1715 4762 tustini,
1733 4689 1783 4762 qni
1796 4694 1836 4747 est

1016 4788 1108 4830 annus
1118 4774 1272 4831 dominicae
1283 4776 1492 4833 incarnationis
1504 4782 1594 4849 datm,
1608 4780 1738 4836 Armenii
1750 4778 1836 4836 susci·

1016 4863 1097 4934 piunt
1114 4863 1209 4919 tidem.

1051 4956 1075 5007 3.
1094 4952 1143 5020 (Η.
1159 4953 1211 5024 aaa.)
1227 4956 1259 5008 A.
1278 4953 1385 5007 111117.
1405 4953 1509 5024 sophia
1526 4959 1664 5027 augusta,
1686 4954 1832 5014 accersitis
1888 4974 1890 5011 1

1014 5041 1146 5112 notariis,
1168 5040 1276 5097 deterri
1292 5040 1337 5074 ¹⁰⁸⁵
1349 5041 1440 5111 jussit
1460 5043 1613 5100 cautiones
1628 5044 1796 5104 debitorum
1807 5047 1831 5099 et
1885 5091 1887 5097 .

1015 5131 1126 5200 breves,
1153 5135 1183 5185 et
1207 5128 1316 5186 dimisit
1340 5129 1382 5186 ais
1407 5131 1512 5187 omnia.
1539 5130 1624 5202 (Otr.
1654 5133 1707 5205 W.)
1733 5134 1829 5192 Bodcn
1883 5198 1886 5209 Ι

1014 5234 1088 5276 anno
1108 5221 1215 5275 Narses
1237 5219 1378 5290 patricius
1400 5219 1522 5277 Fotiiarn
1542 5235 1640 5294 regam
1661 5222 1771 5282 occidit
1786 5222 1829 5278 Ga·
1883 5214 1885 5225 '

1014 5310 1138 5380 ibasque
1154 5307 1303 5379 dispersit.

816 5425 935 5482 VARIAE
955 5425 1153 5482 tentiones.

170 5504 215 5541 ¹⁰⁵⁸
230 5510 260 5565 et
276 5523 303 5582 p.
319 5521 345 5564 a.
362 5507 396 5569 io
412 5511 555 5572 11111111
573 5520 599 5571 1.
642 5516 687 5551 1⁰⁵⁴
701 5515 785 5576 deest
798 5519 822 5574 1.
841 5517 865 5571 1.
906 5513 951 5549 ¹⁰⁶⁵
965 5514 1038 5589 nott
1048 5509 1167 5586 stlitem
1181 5515 1209 5568 ¹·
