3788 6000
95 274 137 343 53
724 269 977 336 CHRONICON.
999 308 1029 320 -
1047 272 1123 336 LIB.
1136 306 1138 311 ·
1150 274 1176 338 1.
1762 278 1804 344 bl

97 407 199 469 berius
213 407 314 481 itaque
338 409 528 470 consentiens
546 408 718 468 constantio
735 411 861 480 augusto
874 411 925 468 ttr-
939 405 968 468 ti
982 405 1093 467 cultum
1108 423 1269 470 coruversus
1292 409 1472 470 christianos
1492 411 1687 484 persequitur.
1705 411 1804 474 Primo

97 499 924 574 riano,nentantumrebaptiaatusest,sedasscnsumei
981 499 1046 570 eius
1070 515 1145 560 anno
1168 502 1272 561 beatus
1296 502 1437 560 llartinus
1459 501 1594 560 miliciam
1620 502 1801 576 deserens,a

96 588 235 660 praebuit,
252 592 281 646 et
295 593 396 662 postea
409 590 526 662 praeluit
543 591 570 648 in
584 596 667 663 parte
682 592 802 650 annisi.
817 593 924 654 Omnes
982 588 1068 647 heato
1087 590 1195 648 Hilario
1218 593 1396 664 baptizatus,
1413 593 1507 650 iactus
1529 596 1574 651 est
1592 592 1700 650 Christi
1717 593 1801 652 miles

96 678 166 734 anni
182 676 310 736 icliciter
320 679 348 735 in
358 678 461 737 ordine
473 680 580 738 Liberii
593 683 791 740 numerantur.
799 685 870 741 Post
880 685 925 743 bi·
979 679 1123 751 egregins.
1141 680 1248 738 iuliani
1265 680 1371 739 blanda
1387 682 1442 740 luit
1458 681 1657 754 persequutio,
1675 680 1800 741 illiciens

96 766 213 824 beriam
235 768 364 826 cessarit
386 768 577 842 episcopatus
600 769 705 829 diebus
728 775 753 829 d.
772 771 922 831 Successit
980 769 1071 839 magis
1087 785 1172 841 quam
1188 769 1349 843 impellens,
1363 775 1390 828 ct
1412 770 1496 828 multi
1512 771 1664 828 voluntate
1680 771 1799 846 propria

96 855 189 927 Felix,
211 857 328 915 natione
341 859 500 922 Romanus,
517 861 600 930 patro
615 862 784 928 Anastasim
802 863 880 920 sedit
896 878 921 922 a.
979 862 1164 916 corruerunt.
1175 858 1388 931 Julianusergo
1403 860 1430 917 in
1445 862 1550 918 Persas
1565 860 1716 933 proiectus
1731 864 1798 935 post

97 946 124 1014 l,
142 958 180 1000 nr.
197 949 224 1013 3,
241 945 269 1003 d.
280 952 306 1004 2.
321 947 755 1007 ilicdcclaravitconstantiunr
766 956 924 1023 augustum
979 947 1130 1004 victoriam
1141 948 1797 1022 acontrariishostibusseparatus,aquodam

96 1032 262 1092 hereticam
272 1039 301 1094 et
313 1037 925 1109 rebaptizatumabEusebioNichomedien-
979 1035 1015 1093 de
1030 1037 1091 1095 suis
1104 1043 1191 1094 conto
1207 1037 1255 1095 ilia
1269 1038 1420 1111 perfossus
1433 1038 1554 1095 interiit.
1568 1038 1638 1097 Post
1654 1054 1738 1111 quem
1755 1053 1800 1099 se·

95 1137 128 1182 se
143 1124 172 1181 in
187 1125 257 1182 villa
271 1126 505 1197 touiloooioxta
517 1128 743 1201 Nicbomediam,
756 1134 785 1187 et
798 1147 852 1205 pro
867 1132 923 1190 hoo
980 1127 1079 1197 quenti
1113 1125 1160 1184 die
1188 1127 1356 1185 Iovinianus
1384 1126 1612 1185 christianorum
1640 1129 1800 1200 imperator

95 1213 196 1285 capite
211 1219 369 1273 truncatur
383 1220 408 1273 3.
423 1216 666 1289 idusNouembr.,
679 1223 709 1274 et
725 1221 923 1295 cessavitepi-
978 1215 1112 1287 edicitur,
1130 1231 1215 1288 quem
1242 1216 1374 1275 Julianus
1404 1221 1536 1288 apostata
1565 1215 1672 1274 milicia
1703 1216 1800 1292 priva·

95 1306 238 1374 scopatns
267 1303 371 1361 diebus
402 1309 444 1362 ³8.
476 1306 615 1378 Sepultus
639 1312 684 1364 est
712 1311 754 1364 17.
781 1308 842 1366 lial.
874 1311 924 1367 De
978 1306 1154 1378 verat,quia
1180 1305 1728 1381 idolissaorilicarenoluissetlitrna].
1747 1307 1800 1366 llic

94 1392 209 1447 cembr.
979 1395 1167 1453 Athanasium
1190 1396 1347 1454 revocarit.
1365 1397 1443 1453 bata
1459 1394 1523 1466 eius
1541 1399 1571 1452 ct
1586 1395 1706 1453 honesta
1721 1396 1800 1469 prin·

132 1480 323 1537 Constantius
346 1480 457 1540 Gallum
478 1497 615 1541 cesarem
635 1490 771 1558 nepotem
782 1501 866 1545 suum
881 1488 922 1546 in·
977 1484 1052 1556 cipia
1081 1499 1159 1541 mors
1175 1484 1329 1542 immatura
1344 1485 1488 1558 corrupit,
1504 1484 1627 1543 moritur
1642 1488 1667 1543 8.
1684 1483 1798 1559 imperii

96 1568 218 1625 teriecit
233 1568 399 1645 [Dranon..].
413 1571 520 1629 Dehinc
534 1572 679 1632 lulianum
691 1590 828 1634 caesarem
840 1577 919 1649 iecit,
977 1586 1085 1630 mense.

95 1663 126 1713 et
142 1657 171 1714 in
188 1657 297 1716 Gallias
313 1659 430 1717 direxit.
444 1662 589 1722 Eusebius
599 1662 805 1736 vercellensis,
818 1666 921 1740 Diony·
999 1664 1093 1718 dano
1110 1662 1146 1719 ab
1161 1662 1363 1719 incarnatione
1378 1661 1490 1723 Domini
1505 1665 1565 1720 367.
1578 1662 1798 1722 Valentinianus

96 1748 159 1804 sios
173 1746 408 1820 mediolanensis,
420 1753 448 1806 et
459 1750 574 1808 Luciior
590 1752 774 1810 caralitanus
790 1754 921 1826 insignes
934 1772 962 1833 B
976 1752 1117 1808 successit
1132 1751 1283 1808 saviniano
1297 1767 1363 1808 orror
1380 1752 1470 1808 tratre
1491 1751 1622 1810 valente.
1639 1750 1746 1810 valens
1762 1753 1799 1810 ab

96 1838 254 1894 habentur.
268 1837 420 1910 [Pnosrsn]
436 1839 576 1897 Paulinus
589 1842 767 1900 Trevirensis
782 1842 809 1900 in
824 1845 918 1917 drigia
976 1840 1452 1914 EudoxioNichomediaeepiseopo
1465 1840 1587 1898 Arriano
1598 1841 1799 1915 rebaptizatus

95 1925 223 1983 exulans
247 1927 383 1998 moritur,
400 1929 571 1986 Constantio
595 1930 696 1988 novies
717 1936 745 1988 et
760 1932 875 1992 iuliano
892 1941 918 1993 b.
975 1928 1154 1987 christianos
1168 1930 1378 2002 possesionem
1399 1930 1531 2001 regnavit
1556 1931 1640 1988 annis
1663 1932 1797 1990 undecim

95 2013 279 2072 consulibus.
292 2016 406 2074 Luciier
419 2016 442 2051 V
458 2017 641 2078 caralitanus
657 2020 724 2077 dum
742 2022 866 2093 rigorem
875 2024 920 2095 jd·
976 2017 1070 2092 [Anci.
1088 2017 1223 2091 llylarius
1237 2018 1260 2054 V
1275 2018 1456 2076 Pictavensis
1480 2023 1507 2076 et
1531 2020 1692 2078 Nectareus
1715 2021 1798 2079 Vien-

96 2103 191 2160 stitiae
214 2118 284 2176 erga
300 2105 398 2177 lapsos
411 2120 466 2164 non
481 2106 605 2179 relaxat,
627 2124 642 2167 a
659 2125 777 2168 suornm
793 2127 920 2172 commu·
975 2108 1075 2165 nensis
1098 2108 1262 2166 moriuntur
1288 2107 1396 2180 [Danai
1419 2108 1586 2179 Gratianus,
1603 2107 1798 2168 Valentiniani

96 2193 185 2250 irione
200 2191 324 2251 descivit
338 2193 370 2250 ⁸⁸.
631 2237 634 2243 .
976 2195 1063 2268 illius,
1079 2197 1172 2255 terrio
1189 2196 1381 2255 Valentiniani
1398 2203 1428 2253 et
1442 2196 1574 2255 Valentis
1593 2212 1669 2255 anno
1685 2197 1799 2256 hmbia·

131 2281 337 2341 Priscillianus
360 2283 544 2344 Galliciensis
564 2287 723 2360 episcopus
737 2290 862 2348 heresim
875 2292 919 2349 sui
975 2284 1020 2342 uis
1034 2285 1194 2359 imperator
1209 2286 1335 2344 edicitur
1352 2285 1507 2358 [Hinnou.].
1525 2286 1730 2359 Athanaricus,
1747 2292 1799 2344 reri

97 2370 224 2428 nominis
239 2372 372 2430 condidit
388 2374 526 2433 Gratiano
541 2380 567 2433 d.
580 2381 611 2433 et
622 2378 783 2436 Theodosio
794 2379 921 2437 consuli·
975 2376 1146 2446 Gothorum,
1157 2375 1335 2432 christianos
1347 2374 1537 2447 persequitur
1547 2378 1577 2431 et
1590 2375 1698 2432 multos
1709 2375 1799 2434 inter·

97 2462 162 2517 bus.
179 2460 383 2519 Priscillianus
407 2463 435 2519 in
460 2464 572 2537 synodo
595 2466 796 2536 burdigalensi
821 2467 921 2542 damp-
976 2464 1046 2535 licit,
1062 2462 1192 2535 reliquos
1206 2463 1327 2520 sedibus
1338 2462 1467 2534 propriis
1476 2461 1577 2534 pulsos
1588 2462 1623 2519 ad
1635 2462 1729 2521 solum
1743 2466 1798 2522 lio·

96 2549 223 2606 nandum
241 2564 272 2607 se
288 2549 456 2622 intelligens
478 2552 514 2609 ad
537 2554 687 2610 niaximum
714 2555 919 2627 imperatorem
974 2568 1088 2610 manum
1105 2551 1238 2625 expellit.
1256 2555 1339 2608 duno
1362 2548 1556 2608 Valentiniani
1573 2554 1602 2607 et
1618 2550 1750 2610 Valentis
1764 2556 1794 2610 ³.

97 2638 917 2714 ingit,abEvodi0preiectopretoriigladicaddictusest.
974 2643 1116 2698 Damasus
1129 2645 1196 2712 post
1212 2639 1347 2710 Felicem,
1361 2642 1444 2712 patre
1456 2638 1591 2710 Antonio,
1601 2639 1736 2707 Deouana
1751 2655 1798 2699 ec·

97 2727 246 2785 iecisset
258 2729 534 2803 ursatiosepiscopi
545 2730 719 2788 resolutioni
732 2739 920 2794 accusatores
974 2729 1071 2787 oresio
1088 2728 1289 2801 possidonium
1306 2726 1438 2801 suscepit
1454 2741 1529 2785 aoso
1541 2728 1734 2787 audoenem.
1746 2733 1798 2789 ³⁷9

95 2818 252 2876 obseoena
269 2818 334 2890 ejus
348 2820 550 2877 communione
562 2821 724 2893 priventur,
736 2823 880 2882 archadio
891 2830 917 2883 a.
974 2817 1112 2890 (destop.
1127 2819 1187 2886 li).
1201 2819 1235 2874 nt
1248 2832 1313 2874 oum
1326 2816 1427 2874 eonem
1440 2816 1595 2874 ordinatus
1605 2821 1652 2875 est
1664 2817 1796 2891 Ursinus,

93 2909 125 2962 et
140 2906 245 2965 liuline
260 2907 432 2965 consulibus
448 2907 541 2980 [daci
555 2907 690 2966 Florebat
703 2916 772 2969 tunc
785 2917 918 2984 tempore
973 2913 1004 2965 et
1019 2908 1097 2964 iacto
1112 2906 1238 2964 concilio
1253 2906 1432 2963 constitutus
1446 2909 1490 2964 est
1506 2907 1646 2964 Damasus
1674 2905 1702 2964 in
1727 2907 1797 2966 sede

92 2994 250 3053 Nectarius
264 2995 438 3053 Viennensis
453 2996 618 3068 episcopus
973 2995 1146 3067 apostolica,
1163 3001 1193 3053 et
1209 2995 1332 3053 Ursinus
1348 2996 1442 3052 iactus
1458 2998 1504 3052 est
1519 2994 1669 3067 Neapolim
1685 2996 1797 3068 episco·

128 3083 274 3156 [Danaos]
291 3083 427 3155 llylarius
450 3083 633 3142 Pictavensis
658 3102 723 3144 cunr
749 3089 824 3159 apud
848 3089 1038 3195 Gon-Cpus.
1057 3085 1228 3155 seditem,
1247 3088 1327 3155 mi,
1350 3083 1378 3141 d.
1403 3089 1429 3140 e.
1456 3084 1537 3141 llunc
1562 3083 1742 3142 concordius
1765 3089 1795 3142 et

92 3171 317 3244 stantinopolim
328 3171 436 3229 librum
449 3174 916 3249 proseGonstanticporrexisset,
973 3175 1120 3233 addiscus
1135 3174 1181 3231 vel
1197 3173 1323 3232 calistus
1336 3171 1474 3231 diacones
1484 3171 1625 3230 invidiose
1636 3172 1672 3229 de
1683 3168 1807 3231 adulte·'

90 3261 128 3318 de
142 3259 233 3318 exilio
250 3259 357 3318 Gallias
370 3259 468 3330 rediit,
481 3275 639 3332 omnesque
652 3277 724 3335 pene
734 3264 828 3322 totins
838 3266 919 3324 orhis
973 3264 1007 3320 rii
1023 3263 1145 3321 crimine
1160 3266 1383 3333 accusaverunt,
1401 3276 1459 3333 quo
1472 3264 1570 3318 tamen
1596 3275 1628 3318 se
1652 3268 1795 3335 purgante

90 3347 227 3408 ecclesiae
238 3349 294 3407 sub
304 3349 419 3407 nomine
431 3349 512 3421 pacis
523 3349 601 3420 regis
612 3353 640 3406 et
652 3351 918 3411 arrianorumcon·
973 3355 1000 3410 in
1012 3352 1124 3425 synodo
1135 3355 1188 3411 att
1198 3352 1416 3426 episcopcrum,
1434 3350 1490 3425 ipsi
1503 3350 1651 3422 dampnati
1662 3354 1691 3408 et
1703 3350 1739 3408 de
1749 3364 1795 3409 ec·

91 3439 190 3496 sertio
205 3437 386 3512 polluuntur.
972 3442 1063 3500 closis
1077 3441 1201 3515 proiecti
1214 3439 1349 3512 laqueum
1361 3454 1446 3511 quem
1462 3439 1650 3497 intenderant
1666 3439 1796 3516 incurre-

128 3527 192 3600 (iol.
209 3528 256 3599 at)
272 3527 488 3585 Constantiusa
504 3533 547 3586 20.
566 3529 648 3600 regni
664 3530 708 3588 sni
734 3530 851 3588 hornam
876 3531 918 3588 in·
973 3533 1050 3588 runt.
1069 3529 1160 3600 liuius
1174 3533 1279 3599 rogatu
1294 3527 1486 3599 Hieronymus
1508 3526 1666 3599 plurimum
1692 3527 1721 3584 in
1744 3527 1795 3586 Dei

88 3618 238 3689 graditur,
256 3620 285 3673 et
308 3622 352 3675 aa.
377 3632 452 3675 anno
480 3617 609 3688 synodus
638 3619 714 3691 apud
744 3619 916 3693 Ariminum,
973 3618 1133 3676 desudante
1150 3617 1275 3676 servicio
1289 3616 1445 3674 constituit
1461 3619 1491 3672 ut
1509 3615 1611 3689 psalmi
1632 3615 1679 3674 die
1694 3614 1795 3675 noctu·

91 3707 201 3764 deinde
216 3706 293 3779 apud
309 3705 500 3764 mediolanum
518 3707 593 3763 iacta
609 3712 665 3778 est,
683 3708 710 3765 in
726 3723 782 3779 qna
798 3710 917 3781 antiqua
973 3721 1028 3779 que
1044 3707 1071 3763 in
1088 3705 1214 3764 ecclesia
1239 3710 1425 3763 canerentur.
1442 3705 1477 3762 iit
1502 3705 1569 3776 quia
1594 3704 1795 3763 indifferenter

90 3799 145 3852 318
160 3794 367 3868 episcoporum
387 3793 460 3852 tides
470 3795 592 3852 recitata
603 3801 658 3853 est.
672 3797 778 3855 Dehinc
790 3797 917 3857 omnium
972 3797 1153 3855 canebantur
1166 3809 1203 3851 ex
1218 3797 1365 3867 precepto
1380 3793 1472 3866 ipsius
1483 3793 1608 3864 Damasi,
1621 3793 1677 3851 hoc
1690 3794 1794 3853 beatus

92 3884 302 3956 episcopcrum
311 3883 488 3941 auctoritato
499 3883 613 3941 heresis
626 3885 747 3942 arriana
759 3885 916 3959 dampnata
973 3885 1165 3956 Hieronymus
1180 3883 1224 3940 sic
1240 3881 1351 3953 divisit,
1364 3886 1397 3939 ut
1413 3881 1440 3938 in
1452 3882 1508 3939 line
1520 3881 1622 3954 psalmi
1634 3882 1731 3940 Gloria
1747 3884 1796 3941 Pa·

92 3977 149 4030 est.
162 3971 286 4030 lloritur
302 3972 492 4029 constantius
503 3986 577 4030 anno
589 3974 800 4032 aetatissuaetd
811 3974 915 4048 [itael.
974 3973 1021 4040 tri,
1039 3971 1110 4029 Filio
1125 3977 1155 4028 et
1169 3971 1279 4044 Spiritu
1297 3975 1400 4028 sancto
1415 3972 1452 4027 ab
1476 3971 1611 4028 omnibus
1633 3970 1792 4043 diceretur,

93 4063 163 4119 Post
179 4073 264 4133 quern
278 4059 412 4118 lulianus
425 4063 488 4117 35¹²·
499 4061 536 4117 ab
552 4061 684 4131 augusto
700 4063 831 4133 regnavit
846 4078 872 4119 a.
889 4069 916 4136 D,
972 4061 1252 4132 addiditquepostea
1264 4060 1342 4117 sicut
1352 4063 1415 4117 erat
1429 4059 1457 4115 in
1471 4059 1616 4133 principio
1626 4064 1657 4116 et
1668 4059 1794 4131 reliqua·

93 4163 131 4204 nr.
147 4149 176 4205 8.
193 4146 245 4206 llis
257 4145 281 4182 ⁷⁸
295 4146 369 4205 adde
384 4151 402 4204 d
416 4149 465 4220 qui
481 4155 696 4221 remanserunt,
707 4151 738 4206 lit
755 4166 856 4208 ann...
875 4167 918 4210 re·
972 4151 1008 4206 ad
1025 4147 1201 4206 confutanda
1216 4147 1319 4218 utique
1335 4146 1465 4203 Arrianae
1481 4146 1619 4204 hereseos
1644 4150 1794 4204 crementa

94 4241 211 4294 manent
228 4241 308 4308 Dm,
325 4237 352 4294 d.
369 4225 405 4296 28
420 4236 573 4311 [dianoni.
592 4239 755 4310 llagnentic
769 4241 846 4313 apud
862 4244 918 4299 hu·
973 4236 1190 4295 nefandissima.
1210 4238 1298 4294 Sexto
1309 4234 1457 4293 ⁷⁸decimo
1474 4248 1549 4292 anno
1560 4234 1728 4307 presulatus
1742 4236 1795 4292 Da»

92 4324 295 4395 gnstudnnum
320 4325 480 4398 arripiente
503 4326 665 4400 imperium.
683 4331 828 4386 constans
847 4330 916 4387 baut
973 4327 1055 4398 masi,
1072 4331 1174 4383 annoti
1190 4324 1320 4389 Gratiani
1336 4326 1365 4380 et
1380 4322 1587 4395 Valentiniani,
1606 4322 1734 4382 secunda
1749 4340 1795 4397 sg-

95 4414 182 4486 longe
199 4415 236 4472 ab
250 4414 387 4486 dispansa
405 4415 433 4472 in
448 4418 548 4473 castro
563 4407 669 4472 ilci'ena
685 4417 918 4490 intericitur,ob
973 4415 1067 4472 nudus
1097 4412 1430 4485 Constantinopolitano.
1457 4410 1537 4468 obiit
1558 4413 1699 4470 Damasus
1720 4426 1794 4487 papa

95 4517 182 4575 qnam
198 4517 260 4560 rena
279 4505 455 4585 conturbata
478 4504 628 4576 republica
652 4506 807 4562 Veteranio
827 4507 915 4577 ilisa,
931 4492 1066 4579 Dpridie
1082 4503 1151 4560 idus
1166 4504 1331 4574 Decembr.,
1342 4509 1372 4559 et
1386 4501 1517 4559 cessavit
1530 4503 1721 4576 episcopatus
1732 4503 1796 4561 dies

96 4591 276 4665 Nepotianus
289 4592 387 4650 nome
406 4592 566 4664 imperator
590 4593 685 4651 lactus
698 4600 755 4665 est,
773 4595 873 4665 Sergio
887 4599 916 4653 et
972 4598 1002 4652 el
1027 4592 1102 4666 (in).

96 4679 415 4752 Nigrisnoconsulibus
426 4680 579 4754 [dianensi
593 4683 747 4755 Nepotiani
758 4688 847 4756 caput
858 4683 918 4756 pilo
1008 4679 1197 4755 Temporibus
1209 4680 1299 4751 igitur
1314 4679 1427 4751 Tyberii
1443 4681 1564 4737 caesaris
1578 4694 1650 4751 gens
1662 4680 1794 4753 quedam

95 4769 172 4827 Pisae
186 4769 290 4827 urbem
300 4768 694 4840 circumlatum,Vetranioni
706 4771 783 4843 apud
794 4773 918 4842 Nassum
972 4785 1091 4842 egressa
1108 4771 1145 4827 ab
1162 4768 1257 4827 insula
1276 4768 1467 4826 scandinavia
1490 4784 1578 4843 super
1599 4770 1709 4827 Renum
1727 4782 1796 4826 con·

50 4892 56 4901 ·
94 4856 208 4929 regium
225 4856 341 4929 insigne
355 4856 529 4916 detractum.
546 4858 729 4930 Magnentius
743 4861 820 4918 ilisa
835 4875 919 4932 supe·
973 4860 1069 4922 sedit(
1078 4859 1180 4917 Vites.
1195 4857 1393 4930 sigismundi).
1406 4859 1442 4915 Et
1454 4863 1585 4930 ternpore
1596 4856 1793 4914 Valentiniani

94 4951 179 5003 ratus
203 4949 250 5002 est
275 4945 541 5018 postconsulatum
556 4947 647 5019 Sergii
663 4953 693 5005 et
707 4948 845 5019 Nigriani.
864 4950 919 5005 lla·
973 4949 1007 5006 ad
1015 4948 1126 5005 lienum
1135 4947 1566 5018 usquedescendcntes,castra
1574 4945 1685 5016 queibi
1693 4961 1795 5020 posue·

91 5034 373 5107 guentiusbugduni
385 5035 413 5090 in
427 5034 535 5107 palatio
547 5050 578 5093 se
590 5036 748 5093 interiecit.
763 5037 918 5095 Decentins
973 5033 1497 5108 runtburgas⁷⁹vocaverunt‚etobid
1506 5038 1793 5107 acceperuntnomen

92 5124 187 5179 irater
201 5121 277 5193 ejus,
289 5138 374 5195 quem
390 5123 427 5180 ad
444 5124 567 5183 tuendas
577 5123 684 5183 Gallias
694 5140 833 5183 caesarem
847 5127 917 5183 ioce-
973 5123 1193 5197 Burgundiones
1209 5124 1369 5197 [Fnsnne.],
1384 5124 1432 5195 qui
1444 5128 1529 5180 antea
1542 5137 1595 5179 nec
1608 5124 1796 5182 nominaban-

92 5217 151 5286 rat,
170 5213 299 5271 Sensum
313 5212 418 5285 laqueo
432 5213 520 5270 vitam
537 5213 640 5272 linivit.
651 5215 704 5274 llic
719 5215 755 5272 ad
772 5215 916 5273 idolorum
972 5218 1031 5285 tur,
1049 5213 1147 5285 ibique
1162 5211 1232 5270 nihii
1248 5210 1327 5270 alind
1345 5210 1551 5284 presumebant
1577 5212 1631 5270 nisi
1654 5216 1794 5285 qnantum

762 5375 887 5432 'VARIAE
908 5374 1107 5432 aucmentis.

127 5512 151 5546 ⁷⁶
165 5511 329 5570 bnciier-
345 5511 517 5572 Viennensis
531 5513 632 5587 episcn
654 5529 689 5572 ns
703 5515 738 5573 s‘rt
749 5528 846 5588 marg.
888 5514 1144 5575 ⁷⁸dosoivitcorr.
1161 5513 1293 5574 desernit
1308 5528 1332 5573 r.
1375 5512 1398 5548 ⁸⁴
1414 5513 1620 5572 llis-dnirit
1640 5516 1674 5574 irs
1697 5527 1782 5587 marg

92 5582 555 5660 ”ligimus-dotatam.
596 5583 620 5619 ²⁸
690 5586 1067 5659 to-mesar.tsmorp.
1109 5584 1512 5660 '’unimembmgaso.
