3788 6000
137 197 201 280 ott,

717 192 960 262 EKKEHARDI
983 195 1261 267 URAUGIENSIS

1786 199 1849 265 852

136 331 321 406 transmisso,
338 330 455 392 tandem
471 331 654 405 invenerunt,
672 334 905 406 refuderuntque
934 333 963 389 in
977 335 1006 396 A
1021 335 1101 407 ratis,
1112 319 1207 398 victos
1218 336 1254 398 nd
1266 341 1443 399 deditionem
1455 336 1561 410 coegit,
1575 335 1739 395 Armeniam
1752 336 1852 394 aPar·

136 427 281 483 Caesarem
291 423 449 481 Alexandri
462 424 555 495 llagni
567 424 689 495 gloriam
703 443 711 493 3
723 424 871 495 qnoniam,
885 423 962 480 siout

136 513 218 572 illurn
233 514 435 585 liyspauorum
451 513 658 585 Gallorumque
685 513 793 584 legatio
815 513 843 569 iu
867 512 962 569 medio

136 601 961 675 orienteapudBabyloniamcontemplatiouepacisadiit‚

137 692 178 750 ita
194 692 270 750 bunc
287 690 361 764 apud
375 691 549 763 llyspaniam
565 692 593 746 in
610 691 774 749 occidentis
784 690 885 748 ultimo
896 707 965 763 sup·

136 780 206 854 plex
219 779 308 837 indus
319 784 348 837 ct
364 779 448 852 Scyta
466 782 577 838 Boreus
592 794 645 853 pro
660 795 732 852 pace
748 781 853 838 oravit.
866 781 964 837 Canta·

138 870 220 928 brieo
234 869 334 940 itaque
349 867 425 926 bello
437 883 490 941 per
503 869 630 942 quinque
639 884 731 926 annos
743 870 887 940 conlecto,
900 873 962 925 tota

137 973 194 1031 que
209 957 354 1032 Hyspania
372 958 399 1014 iu
416 962 554 1015 aternam
567 973 668 1030 pacem
680 958 853 1030 composita,
867 959 963 1015 Cesar

136 1049 255 1106 Romam
271 1048 358 1106 rediit
375 1047 418 1119 ³⁸⁸,
436 1052 466 1105 et
480 1048 662 1106 Cantabricae
674 1049 806 1106 uictariae
824 1048 899 1105 bunc
915 1048 964 1104 bo-

136 1152 236 1195 norem
250 1136 386 1209 contulit,
408 1142 441 1194 ut
462 1140 534 1194 tnnc
559 1152 674 1209 quoque
698 1142 800 1209 portas
824 1137 963 1195 claustris

133 1224 296 1284 cohiberet.
315 1226 358 1283 lta
374 1231 442 1283 tunc
456 1226 585 1284 secundo
601 1241 653 1298 per
676 1229 829 1297 Gaesarem,
857 1230 963 1297 quarto

135 1319 201 1389 post
214 1314 475 1372 Urbcmconditam
487 1314 605 1373 clausus
615 1321 662 1372 est
672 1317 771 1373 lanus.
785 1317 845 1372 Non
860 1314 918 1371 ullo
928 1314 964 1349 ³⁸⁰

136 1408 233 1463 autem
248 1408 382 1477 tempore
397 1409 465 1461 ante
475 1419 540 1461 cnm
550 1405 676 1461 Romana
689 1419 736 1462 res
745 1404 836 1474 magis
853 1404 960 1475 lloruit,

1021 426 1079 482 this
1094 430 1216 501 recepit.
1229 431 1328 488 Parthi
1343 430 1439 503 qnasi,
1457 434 1521 486 toto
1537 432 1682 484 terrarum
1697 426 1771 483 orbe
1788 425 1851 483 vel-

1020 515 1130 573 domito
1161 517 1208 574 vel
1240 523 1355 592 pacato,
1383 517 1511 576 omnium
1536 514 1631 573 oculis
1658 519 1849 586 notarentur,

1020 607 1108 674 atque
1125 605 1152 661 ln
1167 621 1198 664 se
1212 607 1291 664 solos
1306 609 1401 665 omnis
1416 607 1500 677 vigor
1514 604 1635 661 Romani
1648 604 1765 677 imperii
1782 617 1850 661 ver-

1020 693 1127 751 tendus
1137 701 1226 769 esset,
1240 698 1348 769 quippe
1359 712 1431 769 quos
1442 695 1565 769 pristina
1578 693 1755 751 ulciscendae
1767 693 1851 751 Cras·

1020 781 1108 839 siarum
1123 785 1213 842 caedis
1228 786 1407 844 conscientia
1420 782 1581 852 mordebat,
1595 781 1674 838 ultro
1686 782 1771 852 signa
1784 796 1849 852 quar

1021 871 1126 928 Crasso
1140 872 1296 932 interiecto
1311 874 1496 931 abstulerant
1515 871 1551 928 ad
1568 873 1710 928 Caesarem
1727 870 1850 926 remise-

1020 965 1097 1031 runt,
1114 962 1200 1034 eique
1214 964 1370 1021 obsidibus
1392 963 1480 1032 datis,
1505 961 1618 1018 firmum
1644 959 1739 1016 ioedus
1767 957 1847 1015 fideli

1020 1048 1234 1123 supplicatione
1245 1058 1416 1111 meruerunt
1426 1052 1470 1108 ³⁹⁷.
1478 1049 1715 1122 Galatiaqucque
1727 1048 1784 1105 sub
1792 1047 1848 1104 boc

1020 1139 1169 1211 prouincia
1188 1141 1263 1198 iacta
1279 1146 1335 1213 est,
1351 1156 1416 1200 curn
1428 1146 1512 1198 antea
1524 1152 1644 1209 regnum
1657 1136 1775 1205 luisset,
1789 1136 1848 1208 pri-

1020 1242 1142 1300 musque
1158 1243 1222 1286 eam
1238 1231 1352 1287 llarcus
1373 1229 1482 1287 Lollius
1505 1243 1558 1300 pro
1581 1229 1701 1300 pretore
1723 1223 1848 1282 admini-

1020 1318 1136 1373 stravit.
1153 1321 1243 1375 Tanto
1258 1325 1356 1377 autem
1370 1333 1468 1376 amore
1489 1318 1576 1375 etiam
1600 1315 1677 1388 apud
1701 1315 1847 1372 barbaros

1020 1408 1117 1463 Caesar
1133 1410 1281 1478 augustus
1299 1408 1471 1476 habebatur,
1488 1413 1520 1464 ut
1543 1418 1627 1477 reges
1647 1406 1845 1462 Romanorum

136 1495 244 1568 quippe
254 1495 302 1552 cui
313 1495 377 1568 ipse
388 1498 417 1551 ct
431 1509 483 1567 per
495 1509 528 1551 se
539 1494 962 1567 etperducesaclegalossnos
1019 1496 1287 1554 amiciiubonorcm
1297 1497 1361 1567 ejus
1375 1497 1513 1553 ciuitates
1523 1494 1723 1552 conderentet
1733 1493 1846 1564 exejus

136 1583 294 1658 plurimum
305 1582 391 1641 bellis
402 1583 524 1640 addidit.
533 1585 825 1656 lpsenamqueperse
833 1584 961 1639 Romano
1019 1585 1134 1642 nomine
1150 1587 1299 1643 Caesareas
1316 1591 1465 1644 vocarent.
1482 1583 1562 1642 Multi
1579 1597 1696 1655 quoque
1711 1595 1846 1653 regesex

137 1673 244 1744 adiecit
259 1673 380 1745 imperio
402 1675 565 1745 AEgyptum,
581 1672 777 1743 Cantabriam,
802 1673 959 1743 Asturiam,
977 1695 1004 1755 Β
1019 1675 1118 1744 regnis
1131 1674 1192 1731 suis
1203 1680 1356 1747 uenerunt,
1370 1679 1401 1733 ut
1411 1675 1436 1731 ei
1448 1675 1691 1744 obsequerentur,
1701 1675 1731 1728 et
1742 1670 1845 1728 babitu

135 1761 319 1834 Dalmatiam,
336 1762 523 1833 Pannoniam,
540 1762 746 1833 Aquitanianm
763 1765 874 1818 Drusus
892 1777 962 1818 uero
1020 1763 1158 1835 llumano,
1172 1763 1285 1821 scilicet
1298 1764 1401 1835 togati,
1414 1763 1450 1821 ad
1462 1760 1626 1820 vehiculum
1637 1758 1845 1831 ⁸⁰⁸vetequun

137 1850 289 1925 privignus
304 1852 379 1923 ejus,
391 1851 512 1908 Galliam
523 1851 716 1921 Rbctinmque
728 1850 863 1921 sortitus,
875 1850 963 1905 ruaxi-
1019 1851 1081 1921 ejus
1098 1858 1302 1910 cucurrerunt.
1320 1854 1384 1926 lpse
1399 1857 1495 1910 antem
1512 1850 1585 1909 adeo
1599 1853 1775 1906 exsecratus
1798 1854 1847 1904 est

135 1956 197 1999 mas
207 1941 647 2013 fortissimasquegentesarmis
658 1941 785 2011 subegit,
794 1940 961 2012 susipeces,
1019 1934 1130 2012 turbas,
1149 1939 1235 2011 bella,
1254 1941 1430 2012 simultates,
1449 1945 1481 1997 ut
1494 1940 1550 1996 nisi
1569 1938 1657 2010 justis
1681 1937 1718 1994 de
1745 1937 1845 1995 causis

135 2030 293 2088 Tbccteros
306 2034 336 2087 et
351 2030 472 2087 Chattos
487 2029 523 2064 ⁸⁹⁰
538 2030 714 2102 perdomuit,
730 2035 760 2085 et
775 2035 856 2085 trans
868 2029 962 2085 Albim
1017 2042 1173 2100 numquam
1185 2030 1264 2099 genti
1277 2029 1363 2086 alicui
1374 2025 1845 2099 bellurnindixerit‚jactantisque

136 2119 267 2190 lluvinm,
286 2119 333 2190 qui
352 2118 380 2174 in
396 2118 553 2175 barbarico
567 2118 653 2189 longe
668 2117 746 2174 ultra
760 2118 889 2173 erenum
905 2122 961 2187 est,
1017 2117 1197 2189 esseingeuii
1210 2114 1844 2188 etlevissimidicebat,ardoretriumpbaudi

136 2205 960 2279 submovit,Marcomannospeneadinterniciemdelerit,
1017 2210 1047 2261 et
1062 2207 1098 2262 ob
1111 2206 1243 2263 lauream
1257 2220 1406 2278 coronam,
1433 2205 1460 2262 id
1484 2211 1529 2262 est
1556 2204 1623 2262 lolia
1647 2204 1843 2262 infructuosa.

137 2303 240 2372 postea
255 2297 433 2356 fortissimas
449 2298 591 2354 nationes.
610 2297 716 2367 quibus
727 2301 757 2353 et
768 2300 872 2352 natura
885 2296 963 2352 vires
1018 2296 1209 2352 securitatem
1224 2295 1330 2353 ciuium
1346 2295 1374 2351 in
1391 2295 1546 2353 discrimen
1558 2308 1611 2366 per
1622 2293 1753 2351 incertos
1761 2306 1847 2350 euen-

137 2394 168 2445 et
178 2388 363 2446 consuetudo
373 2386 584 2460 experientiam
596 2386 700 2443 uirium
714 2386 812 2457 [dabat
823 2384 963 2456 ³⁹¹],pari-
1018 2388 1066 2441 tus
1076 2384 1270 2441 certaminum
1284 2384 1472 2457 precipitare,
1485 2397 1579 2454 neque
1591 2382 1845 2455 imperatoribouo

136 2481 184 2535 ter
198 2493 255 2535 uuo
273 2476 360 2548 bello,
377 2476 427 2533 sed
449 2476 511 2533 suis
538 2489 652 2547 aspero,
679 2474 839 2547 superauit,
864 2473 892 2528 id
916 2477 962 2529 est
1017 2472 1172 2543 quicquam
1184 2470 1845 2545 minusquamtemeritatemcongruere,satis

138 2567 313 2637 Cheruscos,
331 2567 441 2622 Sueuos
463 2569 493 2621 et
510 2565 695 2642 Sicambros,
722 2577 845 2634 quorum
869 2562 963 2618 uirtus
1017 2561 1156 2618 celeriter
1172 2562 1235 2619 lteri
1252 2561 1390 2634 quicquid
1406 2576 1558 2620 commune
1572 2559 1607 2595 ’θ’
1621 2563 1788 2632 gereretur,
1801 2575 1847 2617 ar·

137 2667 172 2712 ac
188 2654 291 2711 lenitas
306 2667 344 2709 ex
359 2667 394 2709 eo
409 2651 590 2710 considerari
608 2655 717 2725 potest,
733 2650 810 2721 quod
826 2649 963 2707 mulieres
1017 2664 1121 2721 meque
1145 2650 1202 2707 nisi
1226 2651 1344 2722 majoris
1371 2650 1560 2709 emolumenti
1583 2665 1636 2723 spe
1660 2663 1845 2722 nequaquam

137 2756 255 2815 quoque
279 2756 391 2813 eorum,
419 2740 583 2813 siquando
607 2743 750 2812 preventu
770 2741 962 2795 Romanorum
1017 2738 1157 2796 mouenda
1174 2754 1249 2810 esse,
1267 2753 1302 2796 ne
1317 2738 1491 2813 compendio
1505 2738 1596 2810 tenui,
1621 2738 1737 2810 jactura
1763 2736 1845 2810 gravi

138 2831 216 2887 inter
229 2828 360 2903 plaustra
371 2842 423 2886 sua
438 2828 665 2900 collidebantur,
679 2827 884 2885 delinientibus
896 2826 963 2884 telis
1017 2827 1109 2900 petita
1127 2828 1249 2886 uictoria
1264 2828 1367 2885 similis
1382 2829 1422 2885 sit
1436 2828 1521 2885 hamo
1535 2840 1626 2886 aureo
1646 2826 1842 2900 piscantibus,

136 2919 184 2978 uel
200 2918 332 2992 qualibet
347 2933 378 2976 re
394 2933 449 2990 qua
465 2917 545 2976 velut
561 2918 621 2975 telo
632 2917 674 2976 uti
688 2920 769 2976 luror
781 2917 885 2989 possit,
898 2931 964 2987 par·
1018 2917 1101 2988 cnjus
1113 2918 1398 2990 abruptiamissique
1410 2915 1846 2990 detrimentumnullocapturae

137 3009 222 3068 vulos
234 3008 319 3080 illios,
332 3007 453 3067 collisos
466 3008 554 3079 humi,
568 3008 596 3064 in
608 3008 735 3065 bostium
745 3005 960 3076 orajacicbant.
978 3050 1003 3115 C
1017 3006 1099 3064 luero
1113 3007 1229 3078 pensari
1246 3011 1352 3078 potest.
1370 3005 1421 3065 llic
1432 3007 1532 3078 itaque
1544 3006 1704 3080 inimperio
1716 3006 1844 3079 positus,

136 3099 276 3172 Tyberius
287 3103 394 3170 autem,
406 3097 785 3169 iraterllrusi,Paunonios,
799 3099 960 3152 notrannus
1018 3095 1844 3169 tribuniciampersopotestatemexercuitileuiqueerga

138 3188 377 3259 intumescentes,
395 3186 602 3244 cruentissima
626 3186 705 3243 cado
728 3185 848 3254 delerit,
875 3182 964 3238 idem·
1018 3185 1098 3242 ciues
1112 3185 1371 3257 clementissimus,
1387 3186 1416 3241 in
1433 3185 1543 3243 amicos
1556 3184 1656 3242 extitit
1668 3183 1843 3255 fidissimus,

138 3292 194 3350 que
209 3277 347 3334 continuo
362 3278 521 3332 Germanos
538 3273 615 3331 bello
632 3273 767 3346 arripuit,
785 3272 918 3343 equibus
930 3273 964 3328 ib
1019 3289 1141 3345 quorum
1157 3273 1290 3346 precipui
1305 3279 1388 3331 erant
1403 3276 1535 3332 liecenas
1549 3275 1586 3332 cb
1598 3273 1846 3346 taciturnitatem,

137 3365 217 3423 milia
232 3364 415 3436 captivorum
433 3363 526 3421 victor
542 3363 665 3419 abduxit
678 3381 685 3430 ;
701 3361 776 3432 quod
791 3375 891 3417 revera
904 3360 964 3417 bel·
1019 3364 1145 3436 Agrippa
1162 3365 1199 3420 ob
1215 3363 1389 3420 modestiam
1401 3364 1570 3435 laborisque
1582 3363 1766 3436 patientiam.
1778 3362 1849 3421 llili-

136 3453 197 3512 lum
210 3453 366 3510 maximum
378 3457 406 3508 et
420 3450 724 3508 formidolosissimum
744 3449 908 3520 quindecim
925 3447 964 3505 le·
1018 3455 1106 3522 gebat
1118 3453 1733 3526 pretereavirgiliumFlaccumquepoetas,
1743 3451 1849 3511 libera·

128 3538 964 3617 gionibuspertrienniumgesturnest,necterentiumma·
1019 3541 1096 3599 libus
1111 3541 1217 3599 studiis
1234 3543 1262 3597 in
1277 3547 1390 3600 lantum
1405 3542 1588 3614 incumbens,
1605 3545 1637 3599 ut
1652 3540 1754 3599 nullus
1768 3555 1805 3599 ne
1819 3543 1848 3598 iu

133 3631 183 3703 ius
199 3630 318 3701 bellurn,
335 3631 412 3687 sicut
428 3629 586 3687 Suetonius
598 3632 737 3698 testatur,
748 3629 813 3699 post
825 3626 963 3683 Punicum
1020 3630 1173 3703 procinctu
1185 3631 1301 3702 quidem
1314 3630 1546 3702 labereturdies,
1557 3631 1626 3703 quin
1638 3630 1765 3703 legeret,
1775 3630 1848 3688 scri·

138 3720 201 3779 iuit.
220 3720 278 3777 Sub
293 3719 395 3777 eodem
409 3732 479 3776 vero
495 3721 628 3789 tempore
650 3716 847 3783 Quintilianus
870 3715 963 3772 Varus
1020 3719 1114 3790 beret,
1127 3719 1262 3777 dictaret.
1277 3721 1367 3791 Leges
1378 3721 1560 3791 aliasnovas,
1573 3719 1784 3792 aliasprotulit
1795 3737 1848 3779 suo

136 3814 293 3884 propretor
327 3823 392 3866 oum
422 3808 518 3865 tribus
540 3806 703 3877 legionibus
729 3812 810 3862 trans
834 3804 962 3861 llbcnum
1019 3808 1135 3864 nourine
1151 3811 1310 3865 correctas.
1330 3809 1736 3880 duxitornaritquellomam
1747 3808 1846 3867 multis

137 3898 256 3957 durium
274 3898 345 3954 mira
362 3896 499 3969 superbia
515 3901 603 3969 atque
618 3895 745 3952 avaricia
763 3896 790 3950 in
812 3893 962 3965 subjectos
1018 3896 1159 3967 aediliciis,
1173 3888 1370 3966 istoglorians
1383 3897 1482 3954 dicto:
1500 3896 1606 3955 briem
1618 3896 1847 3958 ictericiamae-

137 4003 235 4061 agens,
254 4002 270 4045 a
285 3987 435 4045 Germanis
455 3985 669 4043 rebellantibus
693 4000 757 4041 curn
784 3982 912 4039 tribunis
933 3987 963 4037 et
1012 3985 1091 4057 peri,
1107 3999 1299 4043 marmoreum
1313 3986 1460 4059 relinquo.
1478 3985 1541 4042 Fuit
1557 3984 1636 4041 mitis
1650 3989 1680 4042 et
1695 3990 1803 4058 gratus
1817 3991 1846 4042 et

137 4076 302 4150 legionibus
321 4076 437 4134 deletus
451 4080 506 4133 est.
528 4075 618 4142 Quam
644 4073 685 4130 rei
707 4073 833 4147 publicae
851 4070 962 4129 cladem
1019 4073 1115 4131 civilis
1132 4072 1230 4144 animi,
1252 4075 1315 4130 tuto
1341 4089 1465 4146 corpore
1488 4073 1620 4147 pulcher,
1643 4074 1697 4131 sed
1722 4075 1846 4132 maxime

138 4169 233 4226 Caesar
245 4170 395 4239 Augustus
408 4160 963 4236 adeogravitertulit,utvestecapillo-
1019 4163 1122 4233 oculis,
1140 4179 1261 4236 quorum
1278 4163 1358 4221 acies
1369 4163 1598 4221 clarissimorum
1610 4161 1749 4235 syderum
1760 4164 1845 4222 modo

138 4271 195 4330 que
208 4271 242 4314 ac
253 4256 375 4328 reliquis
388 4253 550 4325 lugentium
563 4251 679 4309 iudiciis
690 4252 839 4322 deformis,
851 4255 879 4307 et
893 4263 962 4322 sepe
1018 4253 1164 4311 vibrabat.
1181 4255 1203 4308 Α
1220 4253 1305 4324 cuius
1323 4253 1479 4310 faciedum
1495 4252 1611 4325 quidam
1636 4251 1724 4310 miles
1746 4253 1845 4312 oculos

139 4345 263 4418 pervim
279 4343 391 4401 doloris
406 4342 494 4414 cap'ut
511 4342 615 4414 parieti
631 4340 782 4411 collidens,
800 4341 960 4397 clamaret:
1019 4346 1178 4413 auerteret,
1197 4346 1227 4399 ει
1244 4342 1480 4414 interrogaretur
1497 4343 1533 4399 ab
1549 4355 1583 4399 eo
1595 4355 1650 4399 our
1663 4339 1706 4400 ita
1723 4342 1843 4413 iaceret,

140 4434 271 4501 Quintili
284 4431 462 4474 ⁸⁹‘·⁸⁹⁸-⁸⁰‘-³⁹⁶
484 4433 563 4502 Vorc,
574 4431 809 4502 reddclepiourr.
823 4431 853 4487 ln
865 4429 960 4486 atrine
976 4431 1003 4495 D
1018 4431 1171 4505 respondit
1187 4450 1193 4488 :
1214 4430 1846 4507 Quiosulmeuoculorumluoraunsmcneu

138 4537 254 4595 quoquc
263 4523 372 4580 Cossus
384 4521 441 4578 dux
451 4521 573 4578 Caesaris
585 4518 962 4592 llusolanosethetulosla-
1011 4535 1141 4596 possum.
1158 4521 1215 4578 Nec
1231 4525 1328 4578 tamen
1342 4520 1388 4577 bic
1400 4524 1501 4580 tantus
1512 4519 1557 4578 vir
1567 4518 1649 4578 viliis
1658 4519 1767 4579 caruit.
1780 4520 1845 4579 ruit

139 4611 198 4668 tius
209 4616 350 4681 vagantes
362 4610 468 4666 artatis
479 4609 962 4679 linibuscoercnit,atquealloma·
1017 4610 1093 4669 enim
1108 4607 1258 4683 paululum
1279 4608 1445 4681 impatiens,
1472 4608 1579 4666 leniter
1601 4607 1774 4684 iracundus,
1798 4623 1845 4668 oc·

138 4700 184 4757 nis
195 4699 337 4757 militibus
348 4697 535 4756 ⁸⁹⁶sustiuere
545 4704 624 4757 metu
635 4697 786 4771 compulit.
799 4697 961 4755 Pisoetiam
1017 4698 1096 4756 culte
1121 4697 1246 4770 invidus,
1273 4697 1368 4770 palam
1400 4697 1552 4770 factiosus,
1578 4696 1750 4755 dominandi
1775 4710 1845 4756 vero

140 4786 568 4847 aduersuslliudelicosnnissus
577 4790 634 4858 est,
647 4785 963 4857 quibussubactiquc
1018 4802 1106 4861 supra
1116 4802 1201 4861 quarn
1213 4786 1346 4845 estimari
1359 4787 1453 4860 possit
1464 4786 1599 4861 cupidus,
1611 4784 1683 4846 alea
1693 4787 1846 4847 lusorstu-

138 4878 229 4936 torad
242 4878 385 4936 Caesarem
396 4876 567 4949 Lugdunum
577 4876 666 4935 venit.
681 4875 961 4949 bosphoranosvero
1018 4875 1843 4950 diosus.Cumquecssetcibiacrinimultumabstiueus,
1880 4927 1885 4933 .

138 4967 251 5026 llarcus
265 4968 393 5041 Agrippa
408 4967 569 5040 superavit,
585 4970 615 5024 et
631 4965 723 5035 siguis
738 4966 884 5038 Romanis,
898 4981 961 5039 quae
1018 4966 1204 5039 aliquatenus
1218 4982 1289 5026 uero
1305 4966 1409 5039 somni,
1428 4966 1573 5041 usquead
1592 4962 1727 5038 uulgaris
1746 4970 1845 5025 tamen

138 5053 181 5114 illi
198 5058 344 5130 quondam
354 5056 409 5114 sub
420 5054 573 5114 Metridate
584 5053 777 5126 sustulerant,
791 5054 869 5115 bello
879 5070 963 5130 repe·
1018 5057 1250 5131 lamsprobrum
1262 5057 1412 5117 serviebat
1421 5054 1536 5116 libidini
1547 5070 1628 5126 ;nam
1643 5054 1724 5115 iuter
1737 5053 1845 5116 duode-

815 5217 935 5276 VARIAE
961 5218 1163 5279 ascalonus

174 5374 344 5434 ⁸⁸³adiit90.
384 5376 751 5436 ⁸⁸⁹N0nnullosuecora.
774 5392 830 5434 non
856 5376 915 5434 ullo
941 5382 984 5436 ιι).
1023 5378 1058 5414 ⁸⁹⁰
1081 5381 1185 5438 cbatos
1208 5381 1376 5438 tterattbos
1401 5381 1678 5441 contansteris
1713 5379 1849 5442 masor

138 5449 321 5531 inamplius
336 5463 410 5521 quoa
423 5451 487 5509 cidi
501 5450 583 5534 codd.
599 5447 776 5490 ³⁹²-³⁹³-”‘-⁸’⁸
792 5449 965 5521 quintiliane
980 5455 1019 5508 9⁰.
1058 5449 1154 5538 mm
1168 5452 1250 5510 codd.
1266 5450 1409 5512 limitibus
1423 5453 1627 5512 abstinerell.
1666 5450 1846 5516 'diciorum

139 5525 168 5581 ιι
204 5520 239 5556 ⁸⁹⁸
253 5521 417 5599 vegrculum
434 5525 458 5576 ι.
497 5518 532 5555 ⁸⁹⁹
545 5522 592 5582 ctu
604 5520 687 5580 codd.
703 5521 784 5594 quod
796 5520 949 5579 commode
966 5521 1077 5595 antae
1091 5537 1126 5582 art
1138 5522 1220 5583 Hiat.
1234 5523 1319 5584 cruc.
