3788 5992
76 163 137 228 617
516 165 736 230 CHRONICA.
754 199 792 213 -
808 153 1046 225 CHRONICON
1068 161 1340 232 UNIVERSALE.
1723 181 1782 245 ets

68 288 205 369 'Subboe
222 292 352 373 tempore
368 306 495 370 quatuor
511 301 586 358 locis
602 300 785 373 pugnabatur
806 312 821 353 a
845 295 899 351 Ha
913 291 944 355 A
958 293 1036 351 nibal
1052 294 1253 369 irequeatidus
1269 301 1377 374 praeliis
1393 301 1489 362 victus
1505 319 1520 362 a
1535 304 1677 381 Scipione,
1695 314 1781 385 petiit

75 390 677 463 manis,iultaliacontraHannibalem,
703 389 731 445 in
764 387 899 458 Hispania
956 384 1225 459 etipsepacemet
1251 389 1429 463 colloquium
1456 393 1609 465 Scipionis.
1634 400 1686 455 Ubi
1712 416 1779 459 eum
1852 432 1856 437 ·

74 484 179 536 contra
203 481 321 534 tratrem
345 477 409 549 ejus
434 479 648 547 Hastrubalem,
680 479 707 532 in
735 475 900 532 Macedonia
956 487 988 528 se
1003 477 1120 531 attoniti
1140 478 1189 535 diu
1212 481 1415 538 ammiratione
1435 489 1536 539 mutua
1552 483 1605 541 deo
1621 487 1778 548 clarissimi

74 572 178 630 contra
203 567 377 638 Philippum,
399 567 427 621 in
452 567 585 622 Sardinia
611 571 713 623 eontra
739 564 846 621 Sardos
870 567 901 619 et
956 559 1045 619 duces
1060 567 1292 640 conspexissent,
1305 569 1413 628 inlecto
1429 573 1510 643 pacis
1525 575 1644 644 negotio
1665 577 1777 637 diseas·

66 652 201 715 alterum
218 656 422 712 Hastruhalem
439 656 686 727 Kartagineusem,
711 670 795 727 quem
820 653 899 710 Titus
956 657 1067 709 serunt.
1081 655 1221 713 Hannibal
1233 659 1552 730 tresexploratoresad
1564 665 1778 738 castrascipic-

74 745 207 816 llanlius,
225 747 253 801 in
270 745 431 802 Sardiniam
450 745 766 815 missus,vivnmcepit
781 744 899 798 Romam
956 739 1000 794 nis
1016 741 1105 813 misit,
1123 759 1196 814 quos
1210 749 1312 817 captos
1329 748 1424 819 Scipio
1438 748 1617 808 circumduci
1639 735 1691 824 per
1715 770 1779 813 cas·

74 849 134 907 que
158 835 299 906 portavit.
328 835 478 906 Philippus
504 847 620 905 quoque
644 834 671 888 in
697 831 859 889 Haeedonia
883 845 898 886 a
955 829 1117 899 trasjussit
1132 833 1233 904 eisque
1244 834 1373 891 ostendit
1388 840 1485 892 totum
1501 840 1675 912 exereitum,
1688 843 1778 900 nichil

74 923 184 981 terim
195 923 333 992 uincitur,
350 923 420 978 etin
440 923 577 993 Hispania
594 918 750 978 llastrubal
765 924 794 975 et
809 921 897 990 uago,
955 916 991 972 de
1003 918 1139 977 hostibus
1155 929 1371 993 percunctatus,
1390 925 1542 995 prandium
1560 942 1674 999 quoqne
1688 929 1779 999 iussit

75 1012 188 1069 tercius
203 1012 294 1067 irater
309 1011 486 1073 Hannibalis.
504 1024 519 1065 a
539 1011 655 1066 duobus
677 1008 818 1064 iratribus
841 1007 900 1063 Soi-
954 1005 997 1060 eis
1012 1005 1085 1076 dari,
1103 1009 1286 1080 refectosque
1311 1012 1392 1067 ahire
1419 1013 1561 1084 permisit.
1575 1016 1683 1072 lteiudo
1705 1033 1779 1090 praa-

65 1099 419 1172 -pionihusisuperantur,
446 1099 495 1170 qui
518 1105 613 1153 tamen
639 1099 724 1154 aniho
749 1096 900 1168 Scipiones
954 1092 1072 1150 liumab
1092 1100 1216 1168 utroque
1239 1098 1319 1155 duee
1335 1101 1520 1157 commissum
1545 1107 1600 1177 est,
1627 1105 1703 1175 quod
1727 1107 1776 1164 diu

74 1188 183 1246 iratres
213 1188 241 1244 in
270 1188 410 1259 Hispania
433 1204 448 1244 a
475 1189 565 1243 iratrc
588 1184 772 1243 Hastrubalis
796 1187 899 1256 postea
955 1183 1066 1251 magnis
1081 1183 1185 1241 ducum
1202 1185 1317 1243 artibus
1332 1187 1518 1259 dispositum,
1543 1192 1655 1260 magnis
1680 1192 1777 1264 copia-

68 1278 167 1335 ‘oeeisi
187 1281 265 1334 sunt.
289 1276 370 1333 Unde
393 1275 526 1332 omnibus
552 1290 658 1347 pauore
681 1272 898 1344 cunctantibus,
954 1284 1017 1325 rum
1032 1272 1157 1330 molibus
1172 1280 1287 1344 gestum
1301 1277 1456 1347 est,qualo
1480 1277 1528 1333 rix
1553 1279 1614 1334 ulla
1637 1282 1776 1340 memoria

67 1366 182 1438 Scipio,
209 1371 309 1437 postea
335 1365 488 1421 africanus
514 1364 620 1434 dietus,
645 1367 731 1419 natus
756 1365 825 1419 tune
851 1375 899 1418 aa·
955 1358 1019 1429 tuit,
1038 1361 1144 1432 quippe
1160 1378 1225 1419 eum
1249 1365 1418 1435 peritissimi
1440 1366 1495 1422 viri
1517 1366 1617 1438 copias
1643 1384 1712 1426 suas
1740 1370 1776 1428 ad

64 1470 128 1512 uos
142 1457 187 1525 Ht,
204 1454 282 1510 ultro
297 1469 328 1510 se
343 1454 461 1523 obtulit,
477 1458 506 1510 et
523 1452 734 1526 proconsulare
746 1453 898 1522 imperium
955 1448 1064 1506 bellum
1074 1451 1243 1508 educerent.
1258 1454 1354 1524 Scipio
1367 1459 1462 1511 tamen
1473 1456 1570 1512 vietor
1581 1457 1691 1528 extitit,
1701 1473 1775 1531 pene

73 1543 102 1598 in
139 1542 294 1614 Hispanias
324 1543 458 1612 sortitus,
492 1540 632 1597 ultionem
666 1540 760 1611 patris
791 1544 821 1595 et
852 1553 899 1611 pa·
953 1542 1040 1608 eapte
1056 1541 1224 1597 Hannibale.
1243 1541 1396 1612 Octoginta
1413 1542 1558 1616 elephanti
1574 1545 1613 1601 ibi
1627 1551 1675 1603 aut
1696 1549 1776 1620 capti

65 1629 132 1687 *trui
149 1630 286 1702 precipue
307 1631 472 1699 intendens,
497 1632 656 1700 Pyreneum
683 1635 896 1698 transgressus,
912 1649 940 1709 Β
954 1632 1004 1682 aul
1025 1628 1125 1684 occisi·
1140 1635 1217 1686 sunt.
1244 1631 1498 1701 Kartaginensium
1524 1633 1648 1690 militum
1673 1636 1776 1706 uiginti

72 1718 167 1791 primo
184 1718 294 1789 impetu
312 1718 494 1788 Kartaginem
511 1732 612 1774 nouam
630 1716 774 1788 Hispaniae
799 1716 895 1788 carpit,

72 1806 123 1864 ubi
145 1807 239 1878 eopiae
261 1807 324 1863 auri
350 1807 522 1877 argentique
548 1820 657 1875 maguae
682 1803 717 1838 ’⁶⁵
741 1806 896 1861 Poenorum

72 1899 101 1952 et
134 1894 310 1951 nobilissimi
343 1895 470 1965 obsides,
497 1910 570 1965 quos
593 1895 629 1949 ab
655 1892 789 1965 Hispanis
815 1907 897 1948 acee-

71 1987 186 2058 perant,
204 1999 269 2041 cum
285 1984 397 2054 magnis
414 1984 551 2055 presidiis
566 1988 659 2039 crant.
677 1982 718 2039 lbi
736 1982 822 2037 etiam
843 1983 897 2038 Ha·

69 2087 187 2145 genem,
222 2075 342 2130 fratrem
374 2073 551 2142 Hannibalis,
585 2076 703 2143 captum
740 2085 805 2127 eum
831 2069 896 2126 aliis

69 2163 189 2219 Homam
206 2164 294 2219 misit.
313 2164 409 2218 Homae
420 2162 522 2231 ingens
532 2161 637 2217 laeticia
649 2160 754 2216 oritur.
767 2160 895 2230 Cumque

70 2251 237 2309 uniuersam
253 2251 417 2324 Hispaniam
435 2265 450 2306 3
464 2253 593 2323 Pyrenae
606 2264 696 2320 usque
708 2249 743 2304 ad
754 2263 894 2305 oceanum

70 2339 169 2413 Scipio
181 2335 893 2412 subegisset,reuocatusaHemanis,eumingenti

67 2429 164 2501 gloria
180 2431 298 2486 Homam
314 2431 405 2501 venit,
422 2435 452 2486 et
472 2429 514 2485 140
532 2444 608 2484 anno
624 2432 778 2500 postquam
792 2425 896 2481 Hanni-

68 2519 116 2576 bal
130 2519 159 2576 in
175 2520 288 2575 ltaliam
304 2525 434 2591 uenerat,
456 2519 505 2590 qui
528 2523 575 2574 est
598 2522 656 2573 13·θε
676 2514 892 2587 phylopatoris,

954 1716 1031 1772 milia
1048 1719 1197 1788 quingenti
1215 1720 1362 1776 interiecti
1379 1725 1457 1777 sunt.
1475 1723 1615 1779 Hannibal
1635 1726 1730 1780 omnia
1745 1730 1775 1782 et

953 1809 1020 1860 ante
1036 1806 1182 1876 praelicat
1204 1807 1231 1863 in
1254 1808 1354 1880 pretio
1384 1814 1532 1880 expertus,
1562 1813 1686 1882 primum
1711 1829 1776 1871 cum

953 1893 1053 1949 multis
1068 1895 1228 1966 equitibus,
1245 1896 1349 1953 deinde
1364 1911 1429 1954 cum
1441 1899 1554 1970 viginti,
1569 1907 1716 1972 postremo
1727 1903 1777 1960 vix

952 1996 1016 2037 cum
1033 1988 1158 2052 quatuor
1172 1984 1249 2040 inter
1263 1986 1420 2043 tumultum
1444 1986 1571 2059 elapsus,
1586 1991 1775 2048 adrumetum

953 2072 1092 2142 conlegit,
1110 2078 1212 2143 postea
1229 2075 1424 2146 Kartaginem,
1441 2083 1506 2148 post
1522 2082 1555 2133 36
1571 2092 1661 2135 annos
1673 2093 1708 2136 ex
1719 2095 1776 2151 que

951 2159 1018 2215 inde
1034 2175 1219 2232 partescum
1239 2167 1320 2233 patre
1344 2165 1467 2236 exierat,
1494 2167 1585 2238 uenit,
1609 2168 1776 2226 consultan-

950 2248 1031 2319 tique
1047 2251 1160 2307 scnatui
1178 2253 1343 2323 Pmnornm,
1361 2253 1468 2311 nullum
1485 2270 1566 2327 spem
1581 2270 1647 2313 esse
1667 2258 1720 2314 nisi
1746 2258 1774 2314 ia

952 2337 1076 2408 petenda
1091 2353 1162 2410 pace
1179 2341 1327 2410 persuasit
1340 2340 1383 2396 ²⁸⁶.
1402 2343 1471 2398 Gaio
1487 2343 1622 2400 Cornelio
1640 2344 1773 2416 Lentulo,

950 2426 1054 2483 Publio
1067 2426 1102 2460 ²⁸⁷
1119 2428 1289 2485 consulibus
1303 2447 1309 2495 ;
1321 2444 1377 2500 pax
1389 2445 1440 2502 per
1451 2432 1774 2502 Scipionemvoluntate
1863 2494 1871 2503 ,

951 2519 1071 2570 senatus
1097 2515 1255 2587 populique
1280 2517 1539 2587 Kartaginensihus
1564 2535 1705 2577 concessa
1728 2526 1772 2578 est

68 2623 134 2666 cum
151 2609 260 2665 Licinio
276 2610 380 2666 Crasso
394 2608 497 2665 eonsul
519 2612 637 2664 creatus
660 2611 688 2661 et
714 2605 742 2660 in
767 2603 894 2660 Africam
950 2616 1038 2659 naves
1050 2609 1145 2659 tamen
1159 2605 1320 2675 plusquam
1333 2607 1498 2675 quingentae
1511 2609 1538 2663 in
1555 2608 1645 2666 altum
1667 2611 1774 2682 predu-

68 2698 176 2755 missus
190 2702 246 2755 cst.
262 2699 359 2770 Scipio
376 2698 500 2754 hirieam
517 2709 666 2766 agressus,
688 2693 809 2749 hiberna
832 2694 895 2748 Pee-
950 2695 1016 2761 ctae,
1034 2692 1061 2746 in
1078 2695 1236 2775 conspeetu
1252 2693 1381 2750 civitatis
1396 2697 1556 2753 submersae
1573 2704 1650 2753 sunt.
1677 2698 1773 2770 Scipio

56 2802 173 2845 aarum
203 2793 233 2843 et
256 2787 378 2859 mapalia
402 2786 598 2854 humidorum,
627 2798 691 2855 quae
713 2783 782 2837 haut
808 2781 894 2851 longe
950 2778 1009 2849 jam
1026 2786 1095 2837 tune
1111 2787 1306 2852 cognomento
1320 2782 1485 2855 africanus,
1503 2800 1569 2842 eum
1586 2786 1772 2857 omnigloria

71 2877 195 2934 aberant
207 2877 243 2933 ab
255 2878 347 2947 Utica,
366 2881 451 2933 nocte
468 2873 669 2931 lecitiucendi.
683 2872 762 2927 Pmni
774 2869 891 2942 trepidi,
950 2870 1145 2941 triumphans,
1162 2871 1265 2928 t'rhem
1286 2872 1436 2943 ingressus
1457 2880 1511 2930 est.
1540 2875 1629 2941 Quem
1653 2878 1772 2935 Terren-

70 2979 137 3023 eum
160 2980 230 3023 casu
254 2965 396 3022 accidisse
416 2966 510 3035 ignem
535 2966 683 3035 putarent,
709 2961 835 3016 inermes
857 2958 891 3015 ad
909 2961 1017 3072 Ctius,
1036 2962 1084 3030 qui
1103 2964 1202 3030 postea
1218 2966 1282 3018 erat
1296 2965 1436 3033 comicus,
1453 2979 1489 3019 ex
1505 2963 1655 3021 nobilibus
1672 2967 1772 3023 Karta·

57 3056 298 3127 extinguendum
315 3060 508 3112 cucurrerunt
521 3073 528 3122 ;
542 3054 646 3124 quade
659 3068 689 3108 33
702 3051 785 3107 tuelle
797 3051 833 3106 ab
849 3065 893 3107 33-
947 3049 1111 3118 giuensium
1143 3050 1277 3121 captiuus
1306 3052 1533 3122 triumphantem
1559 3059 1625 3125 post
1652 3070 1770 3113 curruum

68 3146 157 3205 matis
170 3146 303 3216 obpressi
320 3150 397 3202 suunt.
417 3148 446 3200 ln
471 3144 603 3214 utrisque
628 3142 734 3198 castris
758 3143 792 3195 td
814 3138 891 3196 arilia
947 3144 1065 3194 secutus
1076 3143 1120 3194 est
1132 3139 1358 3212 pilleatusquod
1370 3141 1490 3198 indulta
1502 3144 1558 3200 sibi
1568 3143 1703 3201 liberatis
1715 3145 1768 3202 sirit

66 3236 213 3293 hominum
230 3235 287 3305 igni
304 3236 440 3306 terreque
464 3237 635 3303 cousumpta
660 3235 738 3300 suut,
765 3229 892 3300 quinque
946 3226 1070 3296 insigne.

66 3324 146 3400 milia
162 3329 259 3397 capta,
277 3325 367 3381 duces
382 3325 436 3397 ipsi
449 3322 655 3379 miserabiliter
671 3321 798 3377 ambusti
814 3333 891 3390 aegre

65 3413 264 3485 diffugerunt3
282 3412 438 3471 Hastruhal
454 3414 512 3470 dux
539 3411 722 3482 Kartaginem
749 3410 890 3482 profugus

64 3503 156 3559 venit.
169 3505 233 3560 llex
244 3504 359 3575 Syphax
373 3509 400 3558 rt
413 3488 571 3560 Hasdrubal
583 3501 738 3573 plurimum
754 3513 890 3570 reparan-

65 3597 112 3649 tes
144 3592 315 3663 exercitum,
349 3593 453 3649 iterum
487 3606 551 3648 cum
581 3589 716 3661 Scipione
739 3587 889 3658 congressi

64 3685 144 3752 sunt,
157 3681 285 3753 uictique
296 3683 442 3752 lugerent.
456 3681 614 3752 Syphacem
626 3678 782 3748 lugientem
793 3676 890 3733 helius

59 3776 96 3828 ‘et
107 3770 257 3829 Masinissa
267 3776 419 3843 ceperunt,
432 3775 531 3826 cetera
544 3767 890 3824 multitudecirtameon-

65 3860 152 3933 iugit,
168 3876 252 3933 quam
269 3861 417 3917 Masinissa
441 3861 637 3930 obpugnatam
663 3856 689 3911 iu
711 3855 887 3912 deditionem

63 3950 182 4022 accepit
195 3968 203 4020 ;
215 3951 373 4023 Syphacem
389 3949 423 4004 ad
440 3948 602 4018 scipionem
625 3944 736 4001 eatenis
759 3945 887 4000 vinctum

64 4037 199 4110 adduxit,
218 4054 302 4110 quem
316 4038 411 4111 Scipio
425 4052 490 4094 eum
510 4035 678 4105 ingentibus
701 4033 803 4105 spoliis
827 4032 889 4105 plu·

65 4127 209 4200 rimisque
224 4129 349 4200 captivis
363 4127 580 4201 perducendum
597 4126 714 4182 Hennam
731 4123 809 4180 telio
831 4128 889 4179 tra·

47 4216 151 4274 'didit
170 4217 224 4283 Qui
238 4233 304 4275 eum
321 4218 348 4273 in
360 4215 620 4288 custodiaTyburti
633 4213 799 4283 deiecisset,
813 4229 889 4270 sum·

62 4309 118 4378 ptu
134 4304 253 4378 publico
265 4306 352 4377 jussit
370 4315 491 4363 senatus
503 4320 566 4362 eum
579 4304 737 4361 honorilice
758 4301 886 4375 sepeliri.

982 3319 1063 3373 huno
1079 3316 1170 3387 igitur
1181 3318 1217 3373 ab
1227 3318 1304 3375 Urbe
1315 3320 1433 3376 condita
1446 3323 1772 3396 quingentesimoqum-

947 3407 1114 3477 quagesima
1129 3408 1268 3476 seeundo,
1298 3408 1347 3478 qui
1370 3415 1414 3465 est
1438 3412 1585 3467 sccundus
1607 3413 1771 3471 Ptholemei

945 3495 1112 3567 Epyphanis
1127 3497 1236 3553 bellum
1252 3499 1392 3555 Punicum
1407 3502 1566 3557 secundum
1583 3501 1695 3558 Hnitum
1711 3507 1769 3575 est,
1853 3568 1856 3573 ,

946 3588 1011 3655 3331
1028 3600 1134 3642 annum
1151 3592 1183 3642 ld
1200 3602 1284 3657 quam
1299 3588 1399 3659 coepit.
1411 3589 1508 3645 lactet
1533 3590 1656 3647 sedicet
1682 3594 1770 3649 Roma

944 3673 1079 3731 victoriis
1095 3676 1284 3732 Hannibalem
1296 3677 1453 3751 devicisse,
1478 3685 1574 3736 tamen
1599 3684 1628 3737 in
1653 3683 1771 3754 Campa-

945 3763 1125 3831 nialuxuriis
1137 3769 1523 3839 commorantcmprouineia
1536 3770 1674 3829 deliciosa
1686 3787 1770 3844 supe·

945 3853 1112 3920 ravit3dum
1129 3863 1213 3926 aquis
1228 3857 1350 3928 innatat,
1369 3858 1436 3913 dum
1459 3860 1590 3930 piscibus
1614 3865 1701 3931 atque
1726 3877 1770 3919 os·
1840 3858 1843 3863 ’

944 3942 1019 3998 13313
1053 3944 1160 4013 passim
1188 3945 1350 4017 infercitur,
1380 3945 1446 4001 dum
1473 3947 1544 4018 olet,
1580 3953 1672 4019 potat,
1703 3950 1770 4005 dor·

944 4032 1006 4102 mit,
1031 4045 1171 4101 aquarum
1196 4033 1339 4091 resolutio
1362 4035 1488 4092 mollivit
1511 4037 1647 4091 Punicam
1671 4038 1770 4094 leuita-

944 4124 1013 4191 tem,
1047 4125 1086 4191 et,
1119 4135 1203 4191 quem
1236 4122 1291 4178 alia
1327 4124 1515 4193 duraverant,
1544 4140 1609 4180 eum
1640 4125 1768 4196 Seplasia

945 4209 1064 4281 opidum
1081 4212 1244 4283 Campaniae
1262 4213 1400 4282 ungentis
1424 4213 1556 4270 odoratis
1579 4213 1767 4271 labefactarit

944 4299 1068 4355 elviert.

49 4395 130 4462 -Qua
147 4409 178 4451 33
193 4395 303 4466 audita,
316 4397 409 4453 oannis
424 4397 485 4452 1333
500 4395 583 4451 113113
600 4391 787 4450 Hannibalem
806 4393 890 4449 dere·
903 4369 931 4432 D
945 4388 1026 4446 Alex.
1045 4389 1152 4448 llaeed.
1170 4389 1259 4464 Syrie

61 4481 161 4554 liquit.
178 4485 242 4556 lpse
258 4489 354 4541 autem
371 4485 541 4540 Hannibale
567 4480 823 4554 Kartaginensihus
846 4495 891 4538 re-

63 4570 128 4629 dire
159 4573 271 4645 jussus,
290 4579 321 4630 ut
354 4574 520 4630 subueniret
545 4573 657 4646 patriae,
685 4587 769 4643 quam
793 4571 889 4643 Scipio

61 4662 199 4719 vastabat
212 4662 284 4719 tiens
301 4662 408 4719 dieitur
424 4662 535 4719 ltaliam
555 4660 719 4733 reliquisse.
749 4663 790 4716 lta
815 4674 889 4717 anno

62 4750 120 4823 17⁰,
139 4751 188 4823 qui
205 4757 252 4808 est
268 4753 379 4824 primus
394 4751 555 4808 Ptholomci
572 4751 745 4823 lippphanis,
763 4750 888 4807 liberata

62 4844 110 4898 cst
127 4840 210 4898 ltalia
225 4843 262 4897 ab
278 4842 446 4899 Hannibale.
464 4841 561 4912 Legati
579 4847 676 4897 autem
701 4841 889 4910 Kartaginen-

64 4928 143 4987 sium
158 4945 259 5003 pacem
273 4946 288 4987 a
305 4932 438 5002 Scipione
454 4938 599 5003 petentes,
615 4932 649 4986 ad
662 4935 793 4987 senatum
807 4931 887 4986 missi

64 5023 146 5090 sunt,
163 5024 192 5077 et
208 5036 245 5078 ex
260 5022 383 5078 arbitrio
399 5022 542 5093 Scipionis
565 5035 665 5092 pacem
690 5025 886 5091 acceperunt3

61 5108 115 5166 sed
132 5110 265 5166 veniente
274 5111 433 5167 Hannibale
444 5110 884 5184 Kartaginem,pauturhataest,

60 5196 342 5272 multaquehostilia
354 5202 391 5259 ab
402 5200 479 5259 afris
491 5200 654 5258 factasunt.
667 5201 737 5258 Post
747 5201 887 5257 haecllan·

1005 4485 1015 4534 1
1237 4485 1254 4537 1
1309 4481 1415 4554 (tinen.)
1429 4482 1769 4560 ranolcneusrhyiopa·

945 4572 991 4625 tor
1006 4569 1137 4640 regnavit
1153 4570 1336 4628 alexandriae
1351 4572 1433 4629 anuis
1447 4572 1483 4607 ’⁶⁸
1499 4579 1540 4632 17.

1006 4663 1023 4784 Ξ
1121 4735 1133 4786 1
1232 4664 1766 4805 gPhilippusregnavitHaeedoniae

943 4819 1027 4875 annis
1042 4822 1085 4876 13.
1103 4820 1153 4877 1113
1169 4837 1234 4878 cum
1251 4823 1395 4879 rebellare
1412 4830 1539 4896 pararet,
1567 4824 1689 4895 primum
1714 4838 1767 4895 per

943 4908 1080 4964 Lauinum
1095 4911 1256 4982 consulem,
1272 4910 1378 4969 deinde
1392 4914 1547 4984 perlitum
1558 4911 1706 4978 Quintium
1719 4926 1767 4969 su·
1855 4916 1864 4931 '

943 5002 1064 5070 perotus
1080 5004 1134 5057 est.

978 5093 1011 5145 17
1104 5093 1136 5145 td
1228 5095 1264 5147 20

977 5177 1167 5236 ptholomeus
1188 5179 1372 5252 Epyphaues,
1398 5178 1478 5238 illius
1497 5178 1640 5237 Pthlomel
1660 5180 1766 5255 Phyle

746 5356 865 5416 VARIAE
883 5357 1084 5419 thebanus

60 5473 99 5518 '¹⁸¹
113 5480 208 5557 eopiae
222 5496 334 5557 magnae
350 5498 375 5542 a.
389 5497 414 5541 a.
432 5488 456 5541 3.
475 5481 509 5517 ¹⁸⁰
526 5481 672 5556 persuasit
686 5496 758 5556 3333
771 5487 797 5541 3.
813 5482 848 5520 ²⁸⁷
862 5487 895 5547 Ρ.
910 5485 985 5546 AElio
999 5485 1073 5544 Peto
1088 5486 1132 5541 11.
1146 5480 1182 5517 ¹⁶⁸
1197 5480 1279 5541 dccet
1291 5486 1308 5542 9
1322 5496 1348 5541 3.

222 5582 353 5648 Parnon.
370 5582 476 5650 CLIV.
1357 5596 1361 5601 ’
