3788 5992
90 277 169 345 laos

401 236 536 343 ocsus
558 276 737 343 rnavsu.
761 310 792 322 -
807 271 976 338 unasub
991 268 1089 336 vura
1103 266 1495 336 couaamuacrmce.

1723 256 1801 334 laet

89 406 168 466 litica
194 407 313 464 sanitati
338 412 382 465 ost
409 405 532 464 reddita.
560 406 680 475 Quidam
703 407 790 464 etiam
808 419 879 479 puer
895 419 910 462 a
924 379 953 445 Α
968 398 1066 457 saltim
1082 413 1118 456 ex
1134 399 1194 455 suis
1209 397 1269 468 runi,
1287 396 1315 453 id
1327 404 1374 454 est
1385 394 1525 452 folcardo
1542 393 1654 468 comiti,
1671 394 1755 467 eujus
1771 394 1800 454 in

89 497 196 576 calculi
211 498 354 555 liberatus
369 503 415 555 est
430 499 573 555 molestia.

125 587 283 645 Dicendum
296 587 351 658 hic,
367 588 452 658 cujus
467 588 554 645 fucrit
570 588 699 659 pietatis,
715 601 781 645 cum
797 587 913 660 quidam

91 675 230 734 Folcardo
245 676 339 747 militi,
356 677 404 749 qui
419 693 494 735 uuus
505 677 557 735 fuit
569 692 603 734 ex
615 678 750 735 hostibus
760 677 833 746 suis,
850 675 914 732 red·

92 763 197 822 diderit
224 766 297 821 bona
324 781 376 837 pro
401 766 495 822 malis.
513 767 567 833 Qui
582 766 720 824 uidelicet

968 489 1125 563 presentia
1141 503 1236 544 caecus
1254 487 1331 544 alius
1347 486 1450 542 amissa
1468 485 1580 556 recepit
1599 483 1716 542 lumina.

1004 566 1029 618 8.
1047 562 1098 614 liet
1120 563 1200 614 certe
1222 559 1345 614 frontem
1367 557 1414 628 qui
1437 557 1500 613 vult
1519 556 1546 610 in
1565 556 1716 628 parietem,
1733 556 1800 628 quia

969 664 1026 705 uon
1042 647 1231 705 reticebimus
1256 646 1291 702 dc
1319 647 1381 716 ejus
1403 650 1592 717 persecutore
1606 645 1799 717 Theoderico,

735 781 800 822 cum
818 765 914 821 divin,
969 752 1034 809 quae
1050 740 1117 792 sunt
1136 739 1203 790 uota
1217 735 1356 791 universo
1377 735 1452 790 orbi.
1471 732 1802 805 llic⁴⁴¹⁴deniqueaudi.

92 852 204 909 ultione
214 853 304 910 multo
315 853 617 925 lauguercttcmpore‚
628 853 743 911 tandem
754 853 869 910 rediens
880 851 915 910 ad
969 825 1061 880 ²³⁸¹⁰t
1073 822 1278 879 ¹¹¹iP³⁰u¹⁰rum
1293 821 1652 893 prae⁰⁰¹¹ii⁸ffl⁰q¹¹³qu³m
1663 821 1747 879 fldem
1758 836 1802 878 π’

92 957 134 1009 sc,
150 947 178 997 et
196 941 223 998 in
241 947 373 999 sanctum
389 943 439 999 Dei
455 959 486 999 sc
501 942 630 999 clamans
646 948 676 999 et
691 943 835 999 confitens
851 956 916 1013 pec·

92 1043 185 1098 casso,
200 1029 283 1099 juxta
295 1029 393 1086 cordis
405 1046 502 1086 veram
514 1030 715 1103 poeniteutiam
731 1032 794 1102 ejus
809 1028 916 1085 meruit

92 1117 311 1188 indulgentiam.
325 1119 379 1186 Qui
391 1125 421 1175 ut
434 1118 593 1185 convaluit,
605 1135 661 1175 non
675 1120 807 1190 ingratus
816 1116 916 1176 collati

95 1206 236 1276 beneficii,
252 1211 319 1262 vota
336 1208 455 1264 veniens
470 1207 569 1277 solvit,
585 1208 696 1278 gratias
710 1208 781 1278 egit,
796 1212 824 1262 et
841 1222 916 1263 nunc

95 1294 917 1364 usquesingulisaunisoensumsuaelibcrationissolvere

92 1397 146 1438 non
159 1383 266 1438 desiuit
289 1385 319 1439 ln
331 1399 364 1440 oo
376 1390 470 1441 tamen
483 1386 598 1456 siguum
609 1385 781 1442 insanabilis
796 1387 917 1456 apparet

94 1471 284 1542 infirmitatis,
304 1477 333 1528 ut
353 1472 491 1543 quamdiu
517 1473 593 1530 vivat
621 1478 771 1545 peccatum
788 1473 815 1529 in
832 1486 918 1529 servo

93 1559 142 1614 lici
158 1560 343 1618 commissum
361 1561 430 1618 lunt.
448 1562 578 1618 Eundem
594 1563 718 1633 denique
735 1564 770 1618 ab
785 1561 919 1618 hostibus

94 1653 255 1720 captumst
271 1650 461 1722 compedibus
477 1651 606 1707 vinetum
621 1651 685 1722 ejus
702 1651 825 1707 nominis
841 1650 920 1707 invo-

94 1737 209 1792 catione
229 1741 345 1794 eonstat
360 1739 526 1795 liberatum.

130 1825 231 1883 liulier
254 1832 406 1883 contracta
430 1827 458 1882 in
482 1827 699 1898 sollempnitate
720 1825 920 1898 apostolorum

93 1913 173 1969 Petri
188 1919 217 1970 et
233 1914 315 1970 Pauli
328 1916 363 1972 ad
375 1914 438 1984 eius
449 1915 637 1987 sepulchrum
653 1915 790 1986 sospitati
801 1920 846 1971 est
857 1914 921 1970 red·

95 1993 250 2075 dita‚'pnto
262 2004 344 2074 quasi
357 2019 410 2074 pro
422 2003 546 2075 quadam
559 2005 830 2075 recompensatione
846 2003 921 2062 diem

96 2091 262 2149 natalitium
288 2106 387 2148 eorum
405 2092 455 2148 tali
472 2091 620 2149 honorans
644 2091 777 2149 miraculi
804 2092 920 2163 decore,

96 2194 217 2252 quorum
234 2180 263 2236 in
278 2180 415 2252 hgripina
432 2180 539 2237 dudum
557 2178 633 2236 illius
650 2181 743 2236 iuerat
759 2180 822 2252 ipsc
837 2184 865 2237 et
882 2181 923 2238 vi·

95 2268 195 2325 carius
212 2268 273 2323 fleri
290 2268 433 2324 debuerat
449 2266 476 2322 in
491 2267 643 2324 Treverica
661 2268 743 2324 urbe.

130 2355 200 2412 i'ilia
215 2356 365 2427 cujusdam
378 2356 437 2413 noti
454 2354 616 2428 Reginfridi
631 2361 737 2426 utroqu
752 2356 871 2413 orbatae
881 2355 925 2414 lu·

95 2445 181 2515 mine,
200 2444 252 2500 sed
263 2449 291 2500 et
304 2444 408 2502 ancilla
424 2445 574 2515 cujusdam
592 2444 728 2501 similiter
743 2445 804 2500 noti
820 2445 921 2502 militis

95 2534 236 2604 languore
252 2534 381 2605 detenta,
407 2534 511 2590 mulier
534 2532 740 2589 nichilominus
754 2532 821 2604 alia,
838 2533 923 2605 cujus

96 2622 192 2679 fuerat
204 2625 314 2678 remota
327 2636 341 2677 a
355 2637 408 2678 suo
421 2622 484 2678 loco
497 2620 622 2691 praxilla,
633 2621 746 2693 pariter
755 2629 921 2681 consecutae

98 2715 167 2767 aunt
183 2709 218 2766 ad
232 2711 295 2781 ejus
311 2709 498 2782 sepulchrum
523 2709 658 2766 sanitatis
680 2715 780 2781 optata
803 2712 920 2783 gaudia,

96 2799 145 2855 illa
163 2800 259 2855 lunren
276 2798 436 2868 oculorum,
458 2798 523 2856 istae
539 2798 765 2856 incolomitatem
781 2800 915 2857 membro

97 2902 173 2944 rum.

132 2975 196 3031 Tria
213 2976 242 3030 in
257 2990 314 3031 nno
329 2974 443 3031 homine
469 2988 520 3030 sua
546 2974 674 3030 ostendit
701 2974 854 3042 boueheia;
872 2975 920 3046 qui

96 3078 161 3120 cum
178 3067 259 3121 esset
271 3079 286 3119 a
298 3062 418 3119 demone
435 3063 572 3119 obsessus
587 3066 615 3117 et
632 3065 746 3119 careret
759 3063 853 3121 ofilcio
868 3064 921 3121 lin·

95 3166 160 3221 guae
176 3155 204 3210 et
221 3152 349 3221 auditus,
367 3151 401 3207 ad
419 3150 560 3208 tumulum
579 3151 643 3222 aius
659 3151 719 3209 haec
737 3156 860 3223 utraque
875 3158 920 3210 est

96 3239 919 3313 adeptusctabbostemalignoliberatus-Rusticisex,

96 3344 220 3400 quorum
232 3329 342 3402 pariter
354 3329 442 3401 pedes
454 3329 538 3400 culpa
551 3328 714 3387 insolentia
725 3329 811 3401 cippo
822 3330 920 3386 stricti

95 3424 180 3488 erant
196 3420 231 3474 ab
247 3423 394 3488 exactore,
412 3417 503 3474 sancti
516 3417 640 3475 nominis
649 3418 713 3489 eius
723 3418 919 3488 invocatione,

96 3507 177 3565 nullo
200 3520 313 3563 uranum
339 3511 512 3578 apponente,
538 3505 612 3562 solvi
636 3521 778 3564 meruere.
795 3510 921 3565 —Puer

96 3596 201 3653 deiude
217 3595 362 3653 lunaticus
373 3601 402 3651 et
413 3595 649 3666 aliuscujusdam
667 3595 767 3653 militis
783 3597 919 3666 wigerici

95 3699 168 3756 puer
180 3683 367 3752 domesticus,
385 3681 534 3752 eujusjarn
546 3696 714 3754 perannum
727 3698 828 3754 panem
841 3685 921 3741 fasti·

96 3773 194 3830 diebat
205 3772 382 3841 stomachus,
397 3771 458 3843 pari
469 3777 537 3827 voto
549 3771 704 3842 advenero,
719 3772 823 3844 suique
838 3788 921 3830 reeu-

96 3861 248 3934 paratione
259 3860 369 3932 pariter
379 3858 472 3916 saucii
482 3858 619 3916 virtutem
630 3863 919 3930 persensere-Sed

95 3954 124 4005 ot
136 3965 171 4004 ex
184 3947 289 4003 familia
302 3947 379 4003 beati
390 3945 575 4004 Willebrordi
587 3946 745 4005 adveniens
757 3964 862 4021 caecus,
874 3951 919 4007 sui

96 4036 307 4093 illuminatione
322 4035 425 4091 similia
447 4038 491 4090 est
510 4039 664 4107 expertus;
687 4036 732 4093 cui
749 4036 819 4094 licet
835 4037 919 4094 facile

96 4123 187 4179 isdem
201 4122 527 4180 beatuscouiessorhoc
537 4121 630 4194 ipsum
640 4122 917 4196 valueritconierre,

95 4216 191 4268 tamen
203 4212 230 4267 iu
244 4213 296 4270 lroc
307 4210 436 4267 martiris
447 4225 503 4267 non
516 4210 619 4267 invidit
628 4209 739 4281 gloriae.

969 910 1310 969 commodansasscrenti
1321 926 1365 966 um
1377 909 1646 979 ver·bis,iucredulo
1657 910 1745 966 cordo
1767 924 1800 966 an

971 1001 1034 1058 baec
1046 1015 1113 1056 vera
1128 1003 1238 1068 esseut,
1250 998 1405 1054 temeravit
1418 998 1545 1068 experiri
1555 1012 1655 1069 porse.
1670 997 1800 1064 Quidum

971 1089 1129 1146 adveniens
1142 1104 1196 1143 nou
1210 1088 1272 1143 sinc
1285 1088 1360 1144 fastu
1373 1086 1519 1157 superbiae
1532 1085 1631 1141 valvas
1646 1087 1804 1158 appropia·

971 1182 1017 1234 ret
1030 1177 1168 1246 basilicae,
1180 1191 1234 1248 qiua
1245 1191 1329 1232 sacra
1342 1175 1486 1247 pullulant
1497 1175 1617 1246 pignora
1628 1174 1802 1232 martirizati

973 1282 1042 1336 asc,
1060 1282 1114 1322 nou
1131 1267 1193 1321 sinc
1208 1266 1251 1320 sui
1268 1264 1414 1335 persensit
1431 1264 1603 1318 verecundia
1621 1261 1676 1332 ⁴⁰⁴⁴,
1694 1269 1802 1334 quanta

974 1355 1052 1412 intro
1070 1355 1229 1410 haberetur
1243 1353 1338 1409 virtus
1355 1352 1462 1408 divina.
1484 1353 1553 1407 Nam
1570 1357 1689 1423 reponte
1706 1352 1803 1409 invisi·

976 1442 1027 1499 bili
1040 1443 1190 1499 obstaculo
1203 1456 1303 1497 sacras
1316 1440 1427 1509 ingredi
1440 1439 1519 1496 aedes
1532 1441 1742 1511 prohibebatur
1753 1441 1803 1499 im-

975 1531 1097 1588 meritus
1106 1532 1202 1599 humo,
1216 1530 1263 1585 cui
1275 1529 1320 1561 ⁴⁰⁴⁴
1333 1544 1384 1583 uec
1396 1528 1526 1584 martiris
1538 1527 1679 1585 tumulum
1692 1529 1801 1601 videre,

975 1616 1804 1687 uecsuioratoriiliminaconcedebaturattingere.Cum·

934 1739 962 1798 Β
977 1704 1438 1787 queiteratisconatibusingredi
1448 1704 1805 1776 niteretursaepius‚huie·

977 1810 1033 1868 que
1044 1811 1080 1854 ex
1090 1795 1212 1852 adverso
1223 1794 1376 1850 resisteret
1385 1792 1484 1849 eadem
1494 1793 1599 1864 virtus,
1611 1795 1804 1865 tandemque)

977 1883 1104 1955 experiri
1121 1881 1278 1939 advenerat
1295 1897 1359 1938 eum
1377 1881 1463 1937 nimia
1481 1881 1653 1937 confusione
1669 1882 1740 1939 abiit
1756 1897 1804 1939 ex·

977 1976 1091 2043 pertus.
1108 1970 1198 2037 Quem
1210 1969 1288 2040 dnm,
1303 1973 1334 2026 ut
1345 1963 1406 2026 suaa
1417 1967 1585 2026 consuleret
1597 1968 1695 2036 saluti,
1710 1969 1807 2026 horta-

978 2064 1080 2115 rentur
1095 2057 1196 2114 iideles
1214 2061 1242 2112 et
1261 2056 1427 2127 propinqui,
1443 2061 1545 2113 sancto
1562 2057 1677 2113 scilicet
1693 2056 1806 2114 satisfa-

977 2144 1080 2202 ciendo
1090 2148 1118 2200 et
1129 2143 1240 2216 aliquid
1251 2144 1426 2216 prediorum
1437 2143 1807 2216 proclemosiuasuepau-

978 2233 1040 2305 peri
1050 2231 1181 2290 ecelesiae
1192 2233 1378 2302 conferendo,
1387 2231 1476 2288 surda
1485 2245 1554 2288 aure
1564 2232 1749 2304 floccipendit
1762 2232 1808 2289 vir

978 2320 1804 2392 vanusauduo‚cniimminebatrespectusiraesupcruae.

978 2411 1038 2466 Non
1062 2413 1126 2481 post
1152 2409 1274 2466 multum
1290 2409 1431 2480 temporis
1454 2409 1539 2480 (boi),
1564 2409 1662 2465 neseio
1677 2423 1733 2480 quo
1748 2411 1806 2483 spi·

978 2499 1047 2566 ritu,
1060 2497 1184 2554 tendens
1197 2495 1405 2566 iherosolimis,
1419 2495 1600 2566 naufragium
1616 2510 1733 2568 passus,
1746 2512 1807 2554 mo·

977 2591 1025 2643 tus
1042 2585 1164 2642 incurrit
1182 2584 1286 2650 maris;
1302 2588 1332 2640 et
1343 2583 1379 2639 ad
1391 2584 1446 2640 ima
1459 2583 1642 2641 descendeus
1655 2582 1803 2654 profundi,

977 2673 1166 2730 inrevocabili
1185 2675 1244 2729 fato
1260 2672 1317 2742 ⁴⁰¹⁴,
1333 2672 1392 2728 Deo
1404 2671 1513 2741 judice,
1528 2670 1618 2728 solvit
1631 2685 1744 2742 poenam
1759 2670 1804 2728 sui

977 2762 1108 2820 sceleris.
1124 2763 1162 2818 bc
1177 2768 1304 2833 quatuor
1319 2761 1372 2830 bis,
1391 2761 1440 2832 qui
1456 2774 1490 2817 eo
1503 2760 1625 2831 jubente
1641 2774 1706 2817 eum
1722 2773 1807 2832 pere-

976 2861 1065 2921 mere,
1084 2850 1182 2922 potius
1194 2864 1279 2921 quam
1290 2849 1371 2920 loqui
1384 2848 1538 2906 maluimus
1553 2847 1651 2905 silere.
1668 2850 1728 2905 lloc
1742 2851 1806 2905 tan-

976 2941 1038 2994 tum
1054 2938 1175 2996 sufficiat
1190 2938 1300 3002 dicere,
1318 2937 1444 2994 diversis
1460 2937 1556 3010 poenis
1570 2941 1599 2993 ct
1615 2935 1802 2994 evidentibus

976 3026 1062 3083 malis
1076 3028 1112 3082 ab
1127 3026 1180 3083 hac
1195 3028 1380 3083 substractos
1397 3024 1461 3081 luce
1478 3024 1563 3095 (boi).

936 3088 960 3148 C
1011 3102 1036 3154 9.
1053 3097 1112 3152 Sibi
1128 3098 1301 3153 famulantes
1312 3096 1428 3152 tardius
1442 3096 1487 3151 his
1501 3093 1657 3166 aliquando
1672 3093 1803 3151 correxit

976 3185 1126 3255 signorum
1147 3185 1397 3258 increpationibus
1413 3184 1517 3239 beatus
1538 3190 1621 3254 pater
1643 3181 1802 3238 conradus.
1869 3215 1872 3220 -

977 3272 1070 3331 Semel
1086 3273 1191 3330 natalis
1207 3272 1318 3329 Donrini
1334 3272 1391 3338 die,
1408 3287 1473 3328 oum
1488 3286 1524 3327 ex
1538 3269 1693 3328 custodum
1714 3268 1807 3340 negli-

975 3361 1072 3432 gentia
1083 3375 1182 3418 coram
1195 3377 1224 3418 se
1237 3361 1333 3432 posita
1346 3374 1401 3416 non
1413 3349 1529 3416 arderet
1541 3357 1672 3428 candela,
1683 3363 1805 3430 reponte

976 3450 1116 3508 divinitus
1128 3456 1174 3507 ost
1186 3464 1319 3506 aceensa.
1333 3448 1423 3505 Simili
1435 3447 1530 3518 modo,
1543 3451 1573 3503 ut
1586 3447 1722 3518 superius
1732 3444 1805 3502 dixi·

976 3553 1049 3609 mus,
1066 3553 1130 3594 oum
1146 3538 1208 3595 vice
1223 3537 1317 3594 altera
1331 3536 1431 3594 eadem
1445 3534 1530 3606 culpa
1546 3534 1616 3590 inibi
1632 3534 1746 3590 deesset
1762 3532 1805 3590 lu·

976 3639 1072 3692 cerua,
1090 3626 1189 3682 subito
1204 3625 1312 3681 fabrica
1328 3623 1422 3681 totius
1438 3620 1586 3694 sepulchri
1599 3624 1687 3691 mota,
1703 3618 1803 3677 eadem

975 3714 1085 3770 virtuto
1099 3729 1213 3784 cereus,
1230 3714 1279 3784 qui
1293 3713 1368 3769 forte
1380 3712 1492 3780 aderat,
1509 3709 1575 3766 luce
1593 3709 1700 3767 enituit
1715 3707 1803 3764 clara.

975 3803 1035 3858 Non
1052 3801 1195 3858 dissimile
1210 3807 1240 3857 et
1257 3800 1329 3857 illud
1345 3799 1470 3866 exstitit,
1493 3799 1570 3869 quod
1586 3813 1642 3855 non
1660 3812 1757 3855 coram
1774 3810 1804 3854 se

976 3889 1087 3946 hunius
1097 3891 1211 3946 haerens
1222 3902 1337 3961 cereus,
1351 3889 1419 3944 dum
1430 3901 1519 3957 super
1531 3887 1715 3956 sarcofagum
1727 3884 1805 3941 vela·

975 3977 1050 4033 minc
1063 3982 1194 4048 opertum
1207 3975 1328 4044 corruit,
1347 3974 1458 4030 diutius
1470 3972 1599 4029 ardendo
1611 3973 1714 4042 jacens
1725 3975 1753 4027 et
1764 3970 1806 4042 ja.

975 4064 1194 4133 cendoardens‚
1209 4063 1301 4134 ipsum
1318 4062 1449 4117 velamen
1465 4062 1592 4118 inustum
1608 4060 1748 4117 servavit.

1008 4138 1070 4192 iam
1084 4134 1178 4192 avidis
1192 4132 1378 4191 auditoribus
1388 4130 1504 4188 modum
1517 4130 1552 4186 dc
1565 4130 1608 4188 his
1620 4129 1805 4206 inponat-sti-

975 4224 1031 4296 lus,
1047 4224 1124 4296 quia,
1137 4227 1169 4281 ut
1181 4222 1220 4279 ait
1234 4224 1339 4279 beatus
1350 4219 1520 4290 Gregorius,
1538 4219 1618 4290 signa
1636 4217 1804 4274 infidelibus

130 4310 190 4365 Nou
206 4314 357 4383 exspectet
374 4308 528 4380 quisquam
543 4324 559 4365 3
575 4324 618 4365 me
633 4313 693 4365 inm
710 4310 800 4367 multa
816 4311 918 4369 audire
975 4311 1164 4370 monstranda
1178 4316 1255 4381 sunt,
1271 4324 1328 4366 non
1344 4307 1497 4375 fidelibus;
1511 4307 1619 4379 quibus
1631 4307 1802 4364 adsalutem

95 4414 159 4469 quaa
169 4397 205 4454 ad
217 4399 355 4456 iudicium
367 4398 535 4455 sanctitatis
545 4412 605 4455 suae
615 4398 711 4454 divina
720 4399 815 4469 gratia
825 4399 918 4458 voluit
933 4437 960 4500 D
975 4401 1108 4459 sufficere
1118 4397 1323 4473 pascuarium
1335 4397 1359 4455 si
1372 4396 1468 4453 minus
1478 4395 1557 4452 dicta
1568 4398 1677 4452 essem.
1692 4394 1719 4449 Si
1732 4393 1804 4452 fides

94 4486 254 4558 declarare,
270 4487 348 4559 quia,
362 4492 393 4543 ut
405 4501 543 4559 superius
556 4500 600 4542 me
612 4487 727 4543 memini
740 4487 859 4559 dixisse,
872 4502 919 4546 su·
975 4505 1031 4548 nou
1048 4488 1122 4546 desit
1141 4487 1311 4562 petentium,
1330 4499 1487 4558 numquam
1503 4483 1549 4517 ⁴⁰⁴⁴
1565 4483 1649 4540 deest
1664 4481 1728 4553 ejus
1744 4484 1803 4539 suf·

95 4575 241 4647 periorum
256 4579 424 4633 nostrorum
439 4576 550 4633 desidia
566 4574 655 4632 multa
670 4581 788 4634 manent
801 4577 919 4634 oblitte·
975 4577 1114 4649 fragium;
1139 4576 1206 4648 quia
1231 4574 1308 4647 quod
1333 4573 1390 4631 sibi
1415 4572 1509 4631 adbuc
1523 4571 1619 4629 earnis
1635 4570 1804 4628 infirmitate

96 4661 918 4738 rata,pluraetiamuosomittimuscxiudustria,partim
974 4665 1173 4725 circumdatus
1199 4662 1262 4720 fleri
1288 4661 1390 4733 noluit,
1417 4660 1519 4733 utique
1543 4659 1610 4717 aliis
1634 4660 1730 4715 iacere
1746 4673 1803 4715 uon

95 4749 252 4807 multorum
262 4749 386 4820 invidiae,
399 4751 504 4822 partim
517 4751 734 4810 incredulorum
745 4753 920 4813 condesccu·
973 4753 1092 4827 refugit.
1115 4752 1204 4826 Cuius
1224 4751 1339 4810 assidua
1358 4749 1536 4807 interventio
1551 4762 1605 4805 nos
1620 4745 1804 4804 commendat

95 4838 404 4910 dentesmiseriae,qui
416 4853 470 4896 nec
481 4839 601 4912 scriptis
610 4854 664 4898 nec
675 4842 774 4900 verbis
784 4844 919 4915 prebent
973 4841 1167 4915 omnipotenti
1192 4842 1250 4898 lieo
1274 4841 1412 4907 deorum
1427 4837 1475 4896 cui
1498 4837 1538 4896 sit
1561 4835 1626 4894 laus
1650 4835 1678 4891 iu
1703 4832 1802 4892 secula

94 4940 256 4996 assensum,
277 4925 332 4983 nisi
353 4925 479 4982 viderint
495 4927 581 4994 oculo
597 4927 633 4983 ad
649 4928 775 4986 oculum.
793 4932 920 4989 credant
974 4931 1156 4998 seculorum
1170 4944 1252 4986 amen
1263 4927 1318 4984 ⁴⁰¹⁴.

772 5027 891 5084 VARlAE
912 5029 1111 5087 bucularius.

128 5119 285 5179 ⁴⁰¹¹llocb.
324 5118 596 5178 ⁴⁴¹⁴verecondia2.
635 5120 779 5181 ⁴⁴⁴⁴sui2.
819 5124 865 5158 ⁴⁴⁴⁴
881 5126 954 5182 satis
965 5131 991 5183 i.
1030 5125 1077 5160 ⁴⁴¹⁴
1091 5138 1235 5195 nonquam
1246 5127 1271 5179 3.
1311 5120 1357 5156 ⁴⁰¹⁴
1372 5120 1482 5180 Ieeod.
1503 5126 1526 5178 l.
1545 5124 1589 5178 l⁸r
1603 5119 1802 5194 (31333333)

94 5193 122 5251 rt
139 5191 167 5247 lb
182 5190 243 5249 hcc
257 5224 270 5253 0
282 5189 391 5249 addite
404 5192 475 5248 aaut
484 5212 494 5248 .·
505 5191 567 5248 lial.
583 5192 659 5250 iunii
675 5193 773 5266 passio
788 5197 883 5252 sancti
897 5197 1054 5262 cunonise
1077 5196 1197 5268 iscopet
1210 5191 1354 5263 martyris.
1367 5197 1384 5248 8
1395 5192 1464 5248 idus
1478 5192 1546 5248 iulii
1561 5223 1575 5253 0
1590 5191 1721 5250 inventio
1737 5208 1803 5250 eor-

94 5261 175 5335 poris
190 5278 213 5318 s.
233 5263 302 5344 Cum.
320 5261 451 5389 iffi-‚⁰⁴
465 5277 500 5318 m.
514 5262 549 5318 ad
563 5279 662 5345 rupem
681 5265 728 5346 ubi
744 5265 909 5348 decollatus
920 5274 976 5324 est.
989 5273 1006 5326 8
1019 5213 1079 5324 ilai).
1092 5269 1164 5336 hug.
1176 5262 1332 5322 translatio
1342 5262 1477 5334 corporis
1490 5279 1514 5319 s.
1528 5262 1656 5319 cunonis
1667 5263 1801 5337 episcopi

93 5339 122 5391 et
138 5338 275 5404 martyris
291 5349 319 5389 in
355 5334 455 5390 asrhca
471 5334 521 5406 (nr)
540 5336 617 5392 beati
631 5337 761 5392 llaurrcu
776 5343 805 5392 et
822 5352 847 5392 s.
862 5354 935 5407 epus.

130 5473 245 5602 (333ὲ3.
262 5475 346 5541 iit⁷33
361 5488 387 5529 v.
404 5473 577 5533 bernoldum
590 5475 740 5532 coustant.
752 5477 779 5532 h.
790 5491 815 5534 a.
827 5407 1000 5536 3133ῗὲΤῶ

1009 5478 1083 5548 (bos)
1100 5474 1145 5534 cf.
1160 5474 1335 5535 bernoldum
1350 5488 1376 5534 a.
1394 5475 1473 5534 roob.

96 5551 177 5604 recte
213 5545 361 5616 igebcrtus
377 5560 402 5601 a.
421 5549 489 5603 1068
504 5545 634 5604 iudicare
649 5546 774 5605 videtur.
