3788 6000
143 199 200 270 nst
718 186 958 257 arduennam
980 184 1257 256 cartusienses
1789 187 1849 257 752

145 337 205 399 laeti
221 331 397 401 oboedirent,
416 332 566 408 proiectus
583 346 647 390 cum
673 328 750 387 onrni
776 325 963 386 multitudine
979 328 1006 391 Α
1022 328 1090 399 ptus
1101 331 1157 398 est,
1176 324 1227 385 sed
1243 332 1308 399 post
1325 327 1361 384 ab
1376 342 1411 383 ro
1427 320 1593 383 truculente
1609 333 1779 400 peremptus
1790 334 1848 385 est.

145 428 391 498 ostrogotharum
407 431 437 481 et
452 441 517 481 cum
538 423 615 480 omni
640 418 846 492 subpellectili,
871 417 965 489 prius·
1021 417 1155 487 Egressis
1171 416 1275 474 deiude
1302 432 1317 474 a
1341 418 1438 473 Ticino
1463 421 1530 487 post
1555 417 1711 473 triennium
1736 419 1849 490 Gothis,

145 532 231 590 quam
248 516 283 573 ad
300 515 410 570 ltaliam
432 512 608 585 perveniret,
631 508 822 580 Trapestilam
845 507 966 578 Gepida·
1021 508 1141 563 eandem
1159 523 1225 563 nrox
1242 509 1344 564 urbem
1361 507 1495 562 invasere
1510 507 1595 575 Regi,
1613 509 1850 578 cunelapercir·

146 623 209 664 rum
224 619 331 674 regem,
345 602 465 658 insidias
477 596 965 670 sibimolierrterrr,tbellosuperans
1022 595 1132 652 cultum
1142 595 1514 666 locasimulquecivitatem
1523 608 1575 666 per
1588 595 1757 652 continuum
1771 598 1851 654 bien*

146 695 282 762 extinxit,
294 695 385 748 llusan
399 704 513 761 quoque
527 688 717 757 bulgarorum
725 700 893 755 regemcum
906 684 967 738 suis
1024 684 1101 739 nium
1118 684 1316 755 devastantes,
1335 699 1399 740 curn
1411 683 1503 739 adhuc
1516 683 1702 740 beatissimus
1718 686 1851 757 Epypha·

147 782 311 852 agminibus
326 779 501 851 prosternit.
519 777 627 832 licinde
641 775 760 831 venicus
775 774 896 842 ltaliam,
912 772 969 843 pri·
1024 771 1806 844 uiussupcresset,eujussanctitateintantisperieulis
1823 775 1849 829 ci

148 885 281 941 urumque
295 870 376 938 juxta
395 871 519 923 Somrnm
536 864 666 933 lluvium,
683 863 731 935 qui
752 879 808 919 nen
834 862 917 931 lenge
933 862 969 916 ab
1023 874 1075 916 ves
1086 861 1449 917 sustentabanturadlicti.
1463 861 1535 917 llica
1547 860 1725 917 Theoderico
1740 860 1850 918 Gallias

148 959 279 1030 Aquileia
296 956 413 1019 labitur,
432 959 528 1010 rastra
546 967 733 1024 componens,
759 968 823 1008 cum
847 951 882 1007 ad
906 949 970 1005 reb·
1025 949 1060 1005 ad
1072 949 1367 1021 Gundebauduurpro
1377 949 1503 1019 captivis
1514 947 1693 1005 redimendis
1705 949 1848 1021 directus,

147 1047 249 1103 cienda
259 1059 381 1116 corpora
394 1043 538 1098 hominum
555 1046 584 1096 ct
593 1020 802 1112 jumentdrum.
816 1054 868 1111 pro
880 1037 970 1108 tougi—
1025 1043 1146 1108 excepta
1163 1038 1313 1095 innumera
1329 1036 1517 1093 mullitudine
1534 1035 1653 1095 illorum
1675 1053 1727 1109 pro
1742 1039 1850 1109 quibus

148 1135 248 1192 truliuc
259 1133 374 1189 itineris
387 1133 473 1195 sessa,
488 1131 643 1200 resideret,
653 1145 718 1186 euru
727 1128 970 1199 magnoexercitu
1026 1126 1155 1198 precium
1166 1127 1257 1196 dedit,
1271 1141 1323 1183 sex
1336 1125 1614 1197 miliaeaptivorum.
1624 1126 1852 1184 ohsolamsanc·

148 1223 277 1293 totisque
294 1218 384 1277 ltalia
400 1221 513 1277 uiribus
533 1218 664 1275 Odoacar
679 1218 704 1274 oi
721 1217 861 1274 occurrit.
880 1216 970 1282 Quem
1026 1216 1387 1273 litatissuacrcrorentiam
1395 1215 1449 1271 sibi
1457 1229 1607 1284 concessa,
1616 1214 1848 1273 secumreddxit.

134 1309 345 1367 >Theodericus
359 1308 499 1365 alacriter
513 1307 789 1378 excipiens,magne
801 1309 970 1377 superatum
1063 1305 1154 1374 igitur
1183 1304 1389 1372 Theodericus,
1424 1304 1555 1360 extincto
1586 1303 1661 1374 apud
1684 1304 1849 1360 Ravennam

149 1399 249 1473 praelio
266 1399 292 1453 in
311 1400 406 1468 lugam
421 1396 576 1454 convertit.
594 1395 705 1453 Exinde
727 1410 845 1451 movens
860 1395 972 1450 exerui·
1028 1393 1186 1462 Odoacarc,
1199 1390 1851 1463 totiusltaliaepolitusestditione,necmulto

149 1494 219 1556 lum,
238 1503 303 1543 curn
320 1488 461 1542 Veronam
480 1485 619 1555 venisset,
637 1485 742 1540 iterum
754 1482 969 1540 adeersuseum
1028 1487 1093 1552 post
1110 1483 1229 1537 Romam
1246 1481 1406 1552 protectus,
1422 1479 1779 1549 altemaniseumgaudio
1794 1495 1851 1535 ma-

148 1563 282 1633 0doacar
298 1590 353 1631 nou
371 1574 474 1629 minori
493 1587 557 1630 sese
579 1572 647 1629 belli
672 1577 813 1644 apparatu
839 1573 969 1642 obponit.
1027 1586 1084 1643 gne
1095 1575 1141 1626 est
1150 1575 1312 1642 susceptus.
1324 1568 1496 1635 Quibusille
1508 1567 1675 1639 singulisad
1687 1567 1849 1625 subsidium

148 1666 257 1721 Contra
278 1678 362 1734 quom
385 1662 579 1719 Theodericus
601 1662 672 1717 haut
692 1661 796 1733 procul
820 1676 834 1717 a
860 1662 970 1717 Verona
985 1659 1123 1753 Bulotus
1138 1662 1255 1715 centum
1271 1658 1374 1729 viginti
1391 1672 1444 1713 sex
1467 1657 1545 1712 milia
1569 1656 1731 1713 modiorum
1759 1656 1849 1713 tritici

149 1753 320 1821 confligens,
337 1766 447 1807 summa
462 1751 526 1821 ejus
541 1751 701 1806 exercitum
715 1750 799 1807 clade
819 1749 968 1806 contrivit.
1028 1746 1184 1803 concessit.
1199 1748 1305 1818 (toan.)
1319 1748 1387 1802 Post
1398 1745 1752 1801 hecTheodericusutsui
1769 1744 1850 1814 regni

150 1840 204 1907 Qui
220 1842 287 1896 dum
304 1842 379 1908 luga
390 1846 467 1894 metu
480 1839 508 1893 in
521 1839 629 1894 Atesim
643 1839 760 1894 lineium
772 1853 804 1894 se
811 1839 972 1910 precipites
1028 1837 1106 1892 vires
1121 1835 1334 1905 constabiliret,
1352 1835 1440 1890 missa
1457 1834 1603 1904 legatione
1618 1833 1654 1889 ad
1676 1833 1851 1891 clodoveum

151 1933 296 1997 mergunt,
314 1943 348 1984 ex
364 1942 465 1996 magna
482 1933 565 1998 parte
588 1927 782 1998 rapidissimis
806 1928 973 1997 gurgitibus
1028 1925 1202 1980 Francorum
1218 1937 1325 1993 regem,
1344 1920 1741 1991 illianrejushudolledamin
1753 1921 1852 1978 matri-

150 2016 214 2086 eJus
229 2016 370 2088 implicati
388 2016 577 2071 sulloeantnr.
595 2016 790 2071 Theodericus
812 2031 880 2072 vero
904 2016 972 2072 deum
1028 2013 1153 2071 monium
1170 2013 1265 2084 petiit,
1282 2027 1366 2082 quam
1384 2011 1432 2066 ille
1447 2010 1743 2067 libentereeucessit.
1757 2011 1850 2075 (HJt.

150 2102 213 2173 ipso
229 2103 339 2173 impetu
355 2103 546 2172 subsequitur
562 2102 719 2172 fugientes,
734 2103 875 2159 Veronam
892 2102 970 2170 ilieo,
1028 2105 1057 2157 et
1072 2103 1168 2174 Jonu.)
1185 2101 1378 2157 hmaltredam
1389 2103 1484 2156 autem
1496 2114 1662 2170 germanam
1675 2113 1756 2155 suam
1769 2100 1852 2154 Wan-

149 2191 264 2246 civibus
279 2205 385 2262 pavore
401 2191 600 2246 consternatis
626 2190 669 2251 ⁸³⁸.
695 2192 814 2247 invadit.
842 2192 973 2247 Odoacar
1029 2190 1161 2248 dalorum
1179 2191 1239 2261 regi
1255 2190 1410 2259 hunerico,
1429 2189 1567 2244 Geiscrici
1594 2188 1663 2256 lilio,
1687 2187 1850 2258 conjunxit,

149 2284 247 2335 autem
264 2293 329 2333 cum
345 2278 390 2333 liis
407 2279 455 2348 qui
471 2285 627 2334 evaserant
639 2280 762 2350 lugiens,
776 2281 894 2334 Romam
907 2295 973 2335 ceu·
1029 2279 1217 2350 ejusdemque
1235 2264 1506 2335 Amallredae'iiliam
1522 2276 1720 2346 amalbergam
1731 2275 1853 2332 Thurin·

149 2367 255 2435 tendit,
271 2364 321 2422 sed
338 2365 633 2423 obseratiseoutinuo
650 2368 753 2438 portis,
766 2366 905 2424 exclusus
916 2373 971 2423 est.
1027 2382 1130 2438 gerum
1147 2367 1207 2437 regi
1230 2367 1413 2423 ermentrido
1435 2365 1567 2436 tradidit,
1591 2364 1666 2422 illias
1687 2380 1757 2421 vero
1772 2379 1850 2434 suas,

149 2456 204 2523 Qui
220 2464 355 2525 cernens,
373 2455 525 2512 introitum
542 2457 598 2512 sihi
616 2455 764 2526 denegari,
788 2457 883 2512 omnia
910 2471 973 2527 quae
1029 2471 1101 2527 quas
1117 2456 1145 2512 in
1161 2455 1259 2512 ldoesia
1274 2459 1426 2526 genuerat,
1443 2453 1651 2523 Thiudcgotam
1668 2458 1697 2509 et
1713 2453 1853 2524 Ostrogo-

149 2545 296 2615 attingere
331 2544 427 2616 potuit
455 2542 554 2614 gladio
579 2546 750 2616 danimaque
778 2545 971 2616 consumpsit,
1028 2540 1107 2600 tham
1121 2544 1228 2601 vicinis
1244 2543 1362 2614 regibus
1376 2542 1535 2614 copulavit,
1558 2556 1642 2598 uuam
1667 2541 1853 2611 Sigismundo

127 2634 375 2703 'Ravennamquc
396 2633 556 2703 ingressus,
581 2635 769 2690 munitionem
790 2634 845 2690 sibi
871 2649 974 2705 prepa·
1029 2634 1089 2703 regi
1109 2633 1356 2703 Burgundionum,
1372 2631 1494 2689 alteram
1511 2631 1627 2687 hlarico
1643 2630 1704 2701 regi
1731 2629 1855 2700 Wisigo-

45 2739 49 2748 ·
150 2722 235 2777 ravit.
259 2719 457 2776 Theodericus
481 2725 580 2776 autem
616 2722 768 2778 aVerona
794 2721 971 2792 digrediens,
1029 2721 1155 2778 thaeum.
1169 2720 1405 2793 heqerohlarice
1422 2718 1749 2776 natusesthmalricus.
1763 2718 1853 2785 Quem

149 2809 340 2865 llediolnnum
352 2809 658 2879 persuadeantur
671 2810 856 2880 consisteret,
871 2824 972 2879 magna
1029 2825 1101 2867 avus
1117 2825 1189 2867 suus
1200 2809 1395 2867 Theodericus
1411 2810 1439 2864 in
1454 2809 1537 2865 antris
1552 2807 1716 2880 puerilibus
1729 2813 1854 2879 utroque

149 2897 186 2954 ad
201 2912 266 2954 euru
284 2897 443 2954 multitude
458 2897 582 2953 rnilitum
597 2897 755 2969 pluresque
769 2896 861 2954 ltaliae
873 2897 972 2970 populi
1029 2903 1150 2970 parente
1161 2896 1294 2955 cibatum
1308 2897 1375 2954 dum
1388 2897 1526 2968 nutriret,
1534 2896 1716 2968 comperiens
1729 2897 1853 2953 Boterici

150 2991 360 3056 conuenerunt,
377 2985 428 3042 sed
444 2986 545 3058 paucis
565 2984 727 3055 interiectis
745 2985 849 3043 dicbus
870 3001 974 3043 rursus
1031 2985 1118 3043 illium
1135 2986 1333 3058 Eutharioum,
1351 2985 1518 3043 llcrimundi
1542 2989 1676 3057 nepotem
1701 2990 1732 3041 et
1755 2985 1856 3043 Thuri·

150 3075 307 3131 dediticius
322 3076 485 3144 exercitus,
502 3077 602 3132 Tuslra
619 3076 742 3145 quedam
759 3077 873 3131 nomine
891 3075 974 3131 insti·
1030 3075 1145 3132 emundi
1157 3077 1343 3148 abnepotem,
1355 3075 1565 3131 dohnralorum
1573 3074 1666 3145 stirpe
1678 3074 1856 3131 descenden-

132 3168 247 3234 gante,
269 3163 429 3219 Odoacaris
452 3163 586 3233 partibus
611 3178 641 3219 se
667 3163 804 3220 reddidit.
832 3163 901 3229 Quae
927 3178 973 3220 res
1029 3168 1098 3233 tem,
1115 3163 1144 3219 iu
1157 3163 1279 3234 juvenili
1294 3167 1390 3232 aelate,
1408 3163 1561 3234 prudentia
1579 3163 1605 3218 in
1622 3163 1733 3220 virtute
1753 3177 1857 3234 cerpo-

148 3250 357 3308 'Theodericum
374 3251 401 3306 in
417 3255 529 3307 tanturn
546 3252 716 3323 perterruit,
735 3256 767 3307 ut
783 3266 814 3307 se
830 3266 973 3323 serumque
1028 3253 1128 3324 risque
1140 3253 1311 3322 integritate
1324 3252 1680 3324 pollenteminllyspania,
1691 3251 1854 3308 adseillum

149 3341 311 3397 exereitum
327 3340 403 3411 apud
419 3339 599 3395 Tieincnsenr
621 3341 733 3402 urbem,
751 3355 815 3411 quar
831 3357 906 3397 nunc
921 3342 974 3395 Pa·
1028 3341 1128 3398 venire
1144 3340 1285 3413 precepit,
1303 3340 1388 3410 eique
1400 3340 1487 3396 liliam
1499 3354 1580 3396 suam
1593 3338 1814 3395 amalsuindam
1826 3341 1854 3397 in

149 3429 198 3500 pia
213 3428 330 3498 dicitur,
348 3428 550 3485 communiret.
573 3426 681 3484 Talium
699 3428 973 3486 rorum‘varietates
1030 3429 1245 3486 matrimonium
1257 3428 1348 3500 dedit,
1364 3444 1427 3501 quaa
1440 3429 1639 3485 Athalaricum
1650 3429 1854 3499 cxcogcuuit.

149 3517 367 3573 Gundebaudes
382 3517 618 3587 Burgundionum
636 3531 687 3572 rex
707 3516 862 3588 aspicieus,
888 3519 973 3589 higu·
1028 3520 1085 3575 Nec
1101 3519 1155 3574 tuit
1170 3516 1266 3588 aliqua
1282 3517 1376 3574 vicina
1392 3516 1426 3550 ⁸⁸¹
1445 3518 1631 3587 gensltaliae,
1645 3532 1709 3588 quae
1727 3517 1856 3574 Theode-

150 3606 224 3662 riam
239 3621 304 3661 cum
321 3605 429 3674 ingenti
442 3605 574 3661 exercitu
590 3605 720 3675 intravit,
732 3610 896 3677 cunctaque
908 3621 973 3678 qua>
1029 3607 1090 3663 rice
1102 3611 1153 3664 aut
1163 3606 1582 3676 coniunctionisahtnitateaut
1592 3606 1855 3678 pactionisioedere

151 3694 281 3765 reperire
294 3697 420 3765 poterat,
434 3693 974 3767 prodiripientiumvoluntatedepre·
1028 3710 1085 3752 nen
1103 3695 1204 3753 luisset
1224 3695 1345 3765 sociata,
1369 3696 1484 3752 Zenone
1508 3696 1608 3766 itaque
1634 3698 1760 3764 augusto
1787 3698 1854 3766 pest

151 3781 233 3851 dans,
252 3781 392 3837 infinitam
404 3781 586 3853 captivorum
600 3780 815 3839 multitudinem
827 3798 924 3840 seeum
938 3784 973 3840 ad
1030 3784 1129 3842 decem
1146 3788 1176 3840 ct
1191 3788 1303 3856 septem
1320 3799 1410 3840 annes
1421 3785 1501 3854 regni
1515 3785 1557 3841 sui
1570 3783 1718 3855 defuncto,
1735 3786 1857 3841 Anasta·

152 3870 259 3927 Gallias
281 3871 372 3927 duxit.
399 3872 594 3928 Theodericus
618 3872 717 3942 itaque
740 3872 907 3943 aliquandiu
933 3874 974 3929 in·
1030 3874 1091 3933 sius
1106 3874 1249 3930 successit
1267 3872 1399 3944 irnperio,
1411 3887 1536 3942 regnans
1549 3887 1600 3944 per
1612 3886 1701 3928 aunos
1711 3875 1756 3943 27,
1766 3872 1856 3930 Theo·

151 3964 195 4015 tra
213 3961 390 4016 rnrruiliones
405 3961 566 4017 exercitum
585 3961 715 4017 retinens
725 3961 768 4029 ³⁷⁹,
781 3963 896 4018 dennuu
908 3961 974 4017 reli·
1030 3960 1148 4020 dericus
1162 3977 1231 4018 vero
1246 3976 1297 4033 per
1313 3960 1387 4016 idem
1403 3966 1519 4032 tempus
1535 3961 1654 4032 pacifice
1678 3975 1805 4031 regnans
1827 3961 1854 4016 in

151 4049 208 4106 ctis
223 4050 262 4104 ibi
276 4049 312 4082 ⁸⁸⁰
326 4050 478 4107 sororibus
504 4057 534 4106 et
558 4056 650 4106 rnatrc
676 4051 870 4122 universaque
895 4051 973 4122 vulgi
1029 4050 1124 4120 ltalia,
1142 4053 1237 4108 llourae
1253 4049 1382 4106 miranda
1398 4049 1465 4106 tecit
1482 4050 1616 4118 aedilicia,
1632 4052 1662 4104 et
1678 4047 1855 4120 persingota

151 4137 348 4207 multitudine,
366 4138 455 4193 nichil
472 4139 557 4208 plane
571 4139 678 4193 dubins
696 4138 731 4193 de
747 4138 803 4193 tlde
814 4139 973 4210 Epyphanii
1030 4154 1153 4213 quaeque
1165 4139 1227 4196 looa
1240 4138 1403 4196 celebriora
1416 4139 1494 4208 regia
1506 4136 1856 4195 sibiconstruxithahila·

151 4224 205 4282 viri
218 4226 407 4296 sanctissimi,
420 4226 551 4295 rjrrsdem
562 4226 692 4282 civitatis
703 4226 975 4297 episeopieumcx·
1030 4229 1106 4285 cula.
1122 4229 1234 4286 Mortuo
1249 4230 1345 4286 autem
1362 4227 1515 4283 Anastasio
1527 4232 1557 4284 et
1572 4226 1637 4298 ipso
1652 4225 1799 4298 heretico,
1810 4226 1857 4283 lu·

152 4312 261 4385 peditis
276 4319 454 4371 armatorum
468 4315 569 4370 cuncis
584 4313 619 4371 ad
636 4314 829 4370 obsidendum
846 4314 975 4373 Odoaca-
1031 4317 1126 4374 atinus
1141 4317 1294 4388 imperium
1312 4316 1437 4387 adeptus
1452 4319 1506 4372 est.
1521 4315 1575 4382 Qui
1586 4315 1654 4372 dum
1665 4315 1856 4372 essetortho

150 4416 213 4458 reru
229 4403 394 4460 Ravennam
410 4403 548 4473 perrexit.
571 4403 699 4474 Curaque
724 4403 751 4459 in
777 4416 811 4460 co
837 4403 901 4460 loce
925 4406 972 4476 qui
990 4402 1016 4462 D
1032 4404 1137 4475 doxus,
1153 4419 1278 4461 cernens
1294 4405 1321 4460 iu
1335 4405 1469 4477 partibus
1481 4402 1668 4461 Orientisitle
1679 4402 1856 4460 adhuctcm-

151 4489 285 4548 Pinetum
302 4491 410 4547 dicitur
426 4505 482 4548 non
497 4492 600 4562 procul
615 4494 651 4548 ab
665 4494 738 4549 urhe
753 4495 850 4550 castra
864 4495 976 4565 posuis·
1032 4508 1103 4567 pore
1114 4494 1264 4550 arrianam
1278 4493 1400 4550 heresim
1415 4507 1466 4564 per
1476 4492 1589 4562 singula
1602 4491 1664 4548 loca
1676 4490 1787 4562 vigore,
1804 4505 1856 4564 pro

153 4582 207 4649 set,
221 4593 272 4650 per
282 4579 451 4651 continuum
460 4593 532 4650 ponc
541 4579 977 4639 trienniumOdoaoaremohse-
1032 4583 1138 4641 ardore
1149 4581 1301 4638 catholicae
1314 4581 1379 4637 tldei
1392 4581 1562 4638 decertabat
1574 4580 1723 4636 hereticos
1735 4579 1857 4653 dissipa-

152 4666 205 4723 dit.
215 4667 279 4738 Qui,
288 4683 352 4724 curn
367 4669 684 4739 frequenternoetueno
695 4673 827 4741 tempore
836 4684 901 4727 eum
914 4671 977 4729 suis
1033 4687 1074 4742 re,
1083 4670 1481 4742 sextoqueimperiisnianne
1492 4669 1634 4742 precepit,
1646 4675 1678 4727 ut
1689 4669 1801 4741 ubique
1811 4669 1858 4726 he

152 4769 188 4812 cx
203 4756 275 4812 urbo
290 4757 453 4826 egrediens,
471 4757 631 4815 exercitum
645 4759 816 4816 Theoderici
833 4759 977 4830 inquieta·
1033 4758 1856 4832 rolieorumaecclesiasfeatholiciconsecrarentepiscopi.

153 4850 208 4916 ret,
226 4845 383 4902 novissimo
399 4851 488 4902 noctu
504 4846 620 4904 irruens
635 4849 662 4903 in
679 4852 788 4918 castra,
813 4849 975 4905 exereitum
1033 4851 1092 4906 Hoc
1109 4848 1231 4906 audiens
1245 4848 1453 4914 Theodericus,
1467 4846 1587 4903 hrriaua
1600 4845 1863 4919 luepollutus,lo-

151 4933 321 4992 Theoderici
332 4950 434 5007 magna
447 4940 546 5006 strage
557 4936 771 5007 prostravitffl.
785 4938 847 5008 It),
860 4938 910 4995 sed
924 4940 977 4995 Go·
1033 4937 1157 4995 hannem
1173 4953 1276 5010 papam
1293 4937 1438 5008 simulque
1453 4952 1519 4993 cum
1530 4951 1566 4993 eo
1576 4935 1761 4994 Theodorum
1771 4941 1859 5008 atque

153 5023 212 5080 this
227 5024 344 5081 fortiter
358 5024 577 5094 resistentibus,
594 5025 629 5082 ad
646 5030 809 5083 extremum
826 5027 933 5099 virtue,
947 5029 976 5084 in
1033 5024 1477 5101 agapitum,consularesuiros,
1485 5024 1632 5097 aliumque
1644 5025 1803 5099 agapitum
1812 5039 1861 5099 pa·

154 5114 256 5169 urbem
271 5114 422 5186 coniugit3
438 5129 491 5171 nec
507 5114 600 5171 multo
616 5118 685 5186 post
704 5115 790 5173 missa
817 5115 974 5191 legatione,
1033 5117 1151 5174 trinium
1165 5116 1446 5190 Constantinopolim
1458 5114 1645 5174 adlustinum
1653 5113 1860 5188 imperatorem

153 5202 267 5259 reniam
278 5202 447 5276 supplicans
493 5202 671 5261 Theoderico
682 5205 764 5276 quasi
773 5205 802 5263 iu
813 5206 869 5264 lldc
879 5221 977 5265 susce·
1033 5206 1153 5280 direxit,
1172 5205 1313 5265 mandans
1327 5204 1369 5262 illi
1386 5204 1534 5277 minando,
1552 5203 1630 5278 quia,
1647 5202 1861 5270 nieihereticis

835 5375 953 5431 vnlllrh
975 5375 1174 5436 uncelenus

190 5489 263 5551 mc.
281 5497 351 5570 pt.
391 5493 596 5556 ’leonenses
635 5499 816 5567 ⁸⁸⁰ibina.
855 5498 1083 5577 ⁸⁸¹aricinae.
