<?xml version="1.0" encoding="UTF-8"?>
<!DOCTYPE html PUBLIC "-//W3C//DTD XHTML 1.0 Transitional//EN"
    "http://www.w3.org/TR/xhtml1/DTD/xhtml1-transitional.dtd">
<html xmlns="http://www.w3.org/1999/xhtml" xml:lang="en" lang="en">
 <head>
  <title>
</title>
<meta http-equiv="Content-Type" content="text/html;charset=utf-8" />
  <meta name='ocr-system' content='tesseract 3.04.00' />
  <meta name='ocr-capabilities' content='ocr_page ocr_carea ocr_par ocr_line ocrx_word'/>
</head>
<body>
  <div class='ocr_page' id='page_1' title='image "./patrologiaecurs34unkngoog_0077.png"; bbox 0 0 3788 6000; ppageno 0'>
   <div class='ocr_carea' id='block_1_1' title="bbox 137 114 195 201">
    <p class='ocr_par' dir='ltr' id='par_1_1' title="bbox 137 114 195 201">
     <span class='ocr_line' id='line_1_1' title="bbox 137 114 195 201; baseline -0.034 0"><span class='ocrx_word' id='word_1_1' title='bbox 137 114 195 201; x_wconf 70' lang='lat' dir='ltr'>l&#39;l&#39;s</span> 
     </span>
    </p>
   </div>
   <div class='ocr_carea' id='block_1_2' title="bbox 614 109 1359 196">
    <p class='ocr_par' dir='ltr' id='par_1_2' title="bbox 614 109 1359 196">
     <span class='ocr_line' id='line_1_2' title="bbox 614 109 1359 196; baseline -0.005 -3"><span class='ocrx_word' id='word_1_2' title='bbox 614 122 798 196; x_wconf 86' lang='lat' dir='ltr'>uocoms</span> <span class='ocrx_word' id='word_1_3' title='bbox 819 124 995 194; x_wconf 77' lang='lat' dir='ltr'>unsaris</span> <span class='ocrx_word' id='word_1_4' title='bbox 1016 109 1359 192; x_wconf 77' lang='lat' dir='ltr'>nunmmnunusis</span> 
     </span>
    </p>
   </div>
   <div class='ocr_carea' id='block_1_3' title="bbox 1774 121 1833 184">
    <p class='ocr_par' dir='ltr' id='par_1_3' title="bbox 1774 121 1833 184">
     <span class='ocr_line' id='line_1_3' title="bbox 1774 121 1833 184; baseline 0 0"><span class='ocrx_word' id='word_1_5' title='bbox 1774 121 1833 184; x_wconf 81' lang='lat' dir='ltr'>tls</span> 
     </span>
    </p>
   </div>
   <div class='ocr_carea' id='block_1_4' title="bbox 135 241 1838 340">
    <p class='ocr_par' dir='ltr' id='par_1_4' title="bbox 135 241 1838 340">
     <span class='ocr_line' id='line_1_4' title="bbox 135 241 1838 340; baseline -0.009 -14"><span class='ocrx_word' id='word_1_6' title='bbox 135 270 167 327; x_wconf 85' lang='lat' dir='ltr'>et</span> <span class='ocrx_word' id='word_1_7' title='bbox 188 260 325 340; x_wconf 88' lang='lat' dir='ltr'>optinuit.</span> <span class='ocrx_word' id='word_1_8' title='bbox 350 248 460 336; x_wconf 64' lang='lat' dir='ltr'>(liene)</span> <span class='ocrx_word' id='word_1_9' title='bbox 480 241 643 322; x_wconf 81' lang='lat' dir='ltr'>collatione</span> <span class='ocrx_word' id='word_1_10' title='bbox 664 262 807 336; x_wconf 79' lang='lat' dir='ltr'>siquidem</span> <span class='ocrx_word' id='word_1_11' title='bbox 829 260 957 320; x_wconf 87' lang='lat' dir='ltr'>ildelium</span> <span class='ocrx_word' id='word_1_12' title='bbox 973 261 1000 322; x_wconf 86' lang='grc' dir='ltr'>Α</span> <span class='ocrx_word' id='word_1_13' title='bbox 1015 261 1164 317; x_wconf 85' lang='lat' dir='ltr'>Postremo</span> <span class='ocrx_word' id='word_1_14' title='bbox 1176 272 1231 316; x_wconf 93' lang='lat' dir='ltr'>non</span> <span class='ocrx_word' id='word_1_15' title='bbox 1243 263 1288 316; x_wconf 90' lang='lat' dir='ltr'>est</span> <span class='ocrx_word' id='word_1_16' title='bbox 1301 255 1541 330; x_wconf 89' lang='lat' dir='ltr'>reveritusipsos</span> <span class='ocrx_word' id='word_1_17' title='bbox 1551 250 1740 330; x_wconf 87' lang='lat' dir='ltr'>episcopatus</span> <span class='ocrx_word' id='word_1_18' title='bbox 1750 251 1838 313; x_wconf 88' lang='lat' dir='ltr'>laicis</span> 
     </span>
    </p>
   </div>
   <div class='ocr_carea' id='block_1_5' title="bbox 51 352 957 428">
    <p class='ocr_par' dir='ltr' id='par_1_5' title="bbox 51 352 957 428">
     <span class='ocr_line' id='line_1_5' title="bbox 51 352 957 428; baseline -0.01 -13"><span class='ocrx_word' id='word_1_19' title='bbox 51 404 57 415; x_wconf 90' lang='lat'><strong>.</strong></span> <span class='ocrx_word' id='word_1_20' title='bbox 138 355 269 428; x_wconf 73' lang='lat' dir='ltr'>quedam</span> <span class='ocrx_word' id='word_1_21' title='bbox 294 353 403 426; x_wconf 87' lang='lat' dir='ltr'>praedia</span> <span class='ocrx_word' id='word_1_22' title='bbox 424 352 566 424; x_wconf 73' lang='lat' dir='ltr'><strong>suscepit.</strong></span> <span class='ocrx_word' id='word_1_23' title='bbox 590 354 745 410; x_wconf 81' lang='lat' dir='ltr'>wasnaum</span> <span class='ocrx_word' id='word_1_24' title='bbox 771 352 885 409; x_wconf 91' lang='lat' dir='ltr'>scilicet</span> <span class='ocrx_word' id='word_1_25' title='bbox 906 365 957 408; x_wconf 93' lang='lat' dir='ltr'>seu</span> 
     </span>
    </p>
   </div>
   <div class='ocr_carea' id='block_1_6' title="bbox 136 440 963 1564">
    <p class='ocr_par' dir='ltr' id='par_1_6' title="bbox 136 440 963 1564">
     <span class='ocr_line' id='line_1_6' title="bbox 136 440 959 512; baseline -0.006 -11"><span class='ocrx_word' id='word_1_26' title='bbox 136 442 293 501; x_wconf 79' lang='lat' dir='ltr'>warnunci</span> <span class='ocrx_word' id='word_1_27' title='bbox 317 448 449 512; x_wconf 90' lang='lat' dir='ltr'>curtem,</span> <span class='ocrx_word' id='word_1_28' title='bbox 476 442 687 497; x_wconf 81' lang='lat' dir='ltr'>Rauriishntium</span> <span class='ocrx_word' id='word_1_29' title='bbox 718 442 818 511; x_wconf 89' lang='lat' dir='ltr'>etiam,</span> <span class='ocrx_word' id='word_1_30' title='bbox 845 440 959 510; x_wconf 78' lang='lat' dir='ltr'>aliaque</span> 
     </span>
     <span class='ocr_line' id='line_1_7' title="bbox 139 526 957 602; baseline -0.009 -14"><span class='ocrx_word' id='word_1_31' title='bbox 139 529 362 602; x_wconf 84' lang='lat' dir='ltr'>quamplurima,</span> <span class='ocrx_word' id='word_1_32' title='bbox 380 544 443 599; x_wconf 79' lang='lat' dir='ltr'>quae</span> <span class='ocrx_word' id='word_1_33' title='bbox 466 529 557 585; x_wconf 87' lang='lat' dir='ltr'>cartis</span> <span class='ocrx_word' id='word_1_34' title='bbox 578 543 662 584; x_wconf 87' lang='lat' dir='ltr'>manu</span> <span class='ocrx_word' id='word_1_35' title='bbox 685 530 804 600; x_wconf 91' lang='lat' dir='ltr'>propria</span> <span class='ocrx_word' id='word_1_36' title='bbox 824 526 957 595; x_wconf 92' lang='lat' dir='ltr'>inseruit,</span> 
     </span>
     <span class='ocr_line' id='line_1_8' title="bbox 139 615 961 691; baseline -0.007 -15"><span class='ocrx_word' id='word_1_37' title='bbox 139 631 213 691; x_wconf 81' lang='lat' dir='ltr'>quas</span> <span class='ocrx_word' id='word_1_38' title='bbox 228 618 306 688; x_wconf 90' lang='lat' dir='ltr'>regis</span> <span class='ocrx_word' id='word_1_39' title='bbox 321 615 426 672; x_wconf 91' lang='lat' dir='ltr'>anulus</span> <span class='ocrx_word' id='word_1_40' title='bbox 440 616 589 672; x_wconf 81' lang='lat' dir='ltr'>roboravit</span> <span class='ocrx_word' id='word_1_41' title='bbox 603 623 632 671; x_wconf 89' lang='lat' dir='ltr'>et</span> <span class='ocrx_word' id='word_1_42' title='bbox 648 616 780 672; x_wconf 82' lang='lat' dir='ltr'>aecclesia</span> <span class='ocrx_word' id='word_1_43' title='bbox 799 616 961 671; x_wconf 78' lang='lat' dir='ltr'>virdunen-</span> 
     </span>
     <span class='ocr_line' id='line_1_9' title="bbox 140 703 960 775; baseline -0.006 -11"><span class='ocrx_word' id='word_1_44' title='bbox 140 707 180 764; x_wconf 89' lang='lat' dir='ltr'>sis</span> <span class='ocrx_word' id='word_1_45' title='bbox 194 711 301 763; x_wconf 85' lang='lat' dir='ltr'>extunc</span> <span class='ocrx_word' id='word_1_46' title='bbox 321 719 376 760; x_wconf 94' lang='lat' dir='ltr'>non</span> <span class='ocrx_word' id='word_1_47' title='bbox 395 704 502 760; x_wconf 91' lang='lat' dir='ltr'>amisit.</span> <span class='ocrx_word' id='word_1_48' title='bbox 519 703 589 775; x_wconf 83' lang='lat' dir='ltr'>(Fol.</span> <span class='ocrx_word' id='word_1_49' title='bbox 607 704 664 774; x_wconf 80' lang='lat'><strong>57.)</strong></span> <span class='ocrx_word' id='word_1_50' title='bbox 681 705 798 760; x_wconf 85' lang='lat' dir='ltr'>Civibus</span> <span class='ocrx_word' id='word_1_51' title='bbox 819 709 960 774; x_wconf 79' lang='lat' dir='ltr'>preterea</span> 
     </span>
     <span class='ocr_line' id='line_1_10' title="bbox 140 786 959 864; baseline -0.005 -14"><span class='ocrx_word' id='word_1_52' title='bbox 140 794 219 864; x_wconf 89' lang='lat' dir='ltr'>regis</span> <span class='ocrx_word' id='word_1_53' title='bbox 235 792 431 849; x_wconf 88' lang='lat' dir='ltr'>munillcentin</span> <span class='ocrx_word' id='word_1_54' title='bbox 455 806 511 846; x_wconf 92' lang='lat' dir='ltr'>non</span> <span class='ocrx_word' id='word_1_55' title='bbox 536 786 638 862; x_wconf 80' lang='lat' dir='ltr'>deluit,</span> <span class='ocrx_word' id='word_1_56' title='bbox 659 790 770 848; x_wconf 91' lang='lat' dir='ltr'>clerum</span> <span class='ocrx_word' id='word_1_57' title='bbox 790 791 959 861; x_wconf 84' lang='lat' dir='ltr'>laetiilcavit,</span> 
     </span>
     <span class='ocr_line' id='line_1_11' title="bbox 139 879 963 951; baseline -0.004 -13"><span class='ocrx_word' id='word_1_58' title='bbox 139 880 293 939; x_wconf 88' lang='lat' dir='ltr'>ecclesiam</span> <span class='ocrx_word' id='word_1_59' title='bbox 319 879 443 948; x_wconf 91' lang='lat' dir='ltr'>ornavit,</span> <span class='ocrx_word' id='word_1_60' title='bbox 466 885 683 935; x_wconf 88' lang='lat' dir='ltr'>remuneratum</span> <span class='ocrx_word' id='word_1_61' title='bbox 708 880 873 951; x_wconf 90' lang='lat' dir='ltr'>pontillcem</span> <span class='ocrx_word' id='word_1_62' title='bbox 894 894 963 948; x_wconf 91' lang='lat' dir='ltr'>gau-</span> 
     </span>
     <span class='ocr_line' id='line_1_12' title="bbox 141 964 963 1038; baseline -0.001 -14"><span class='ocrx_word' id='word_1_63' title='bbox 141 968 221 1024; x_wconf 91' lang='lat' dir='ltr'>denti</span> <span class='ocrx_word' id='word_1_64' title='bbox 238 967 336 1037; x_wconf 93' lang='lat' dir='ltr'>populi</span> <span class='ocrx_word' id='word_1_65' title='bbox 352 964 388 998; x_wconf 84' lang='lat'>¹¹⁸</span> <span class='ocrx_word' id='word_1_66' title='bbox 403 967 626 1036; x_wconf 78' lang='lat' dir='ltr'>repraesentavit</span> <span class='ocrx_word' id='word_1_67' title='bbox 636 965 680 1037; x_wconf 78' lang='lat'>²²⁰,</span> <span class='ocrx_word' id='word_1_68' title='bbox 693 967 804 1038; x_wconf 83' lang='lat' dir='ltr'>(Bunr.)</span> <span class='ocrx_word' id='word_1_69' title='bbox 816 966 903 1024; x_wconf 89' lang='lat' dir='ltr'>llulta</span> <span class='ocrx_word' id='word_1_70' title='bbox 914 981 963 1023; x_wconf 92' lang='lat' dir='ltr'>au-</span> 
     </span>
     <span class='ocr_line' id='line_1_13' title="bbox 142 1054 963 1125; baseline 0.001 -15"><span class='ocrx_word' id='word_1_71' title='bbox 142 1061 198 1110; x_wconf 91' lang='lat' dir='ltr'>tem</span> <span class='ocrx_word' id='word_1_72' title='bbox 215 1058 309 1121; x_wconf 90' lang='lat' dir='ltr'>erant,</span> <span class='ocrx_word' id='word_1_73' title='bbox 325 1067 389 1124; x_wconf 79' lang='lat' dir='ltr'>quae</span> <span class='ocrx_word' id='word_1_74' title='bbox 402 1068 467 1109; x_wconf 93' lang='lat' dir='ltr'>eum</span> <span class='ocrx_word' id='word_1_75' title='bbox 479 1068 547 1124; x_wconf 90' lang='lat' dir='ltr'>erga</span> <span class='ocrx_word' id='word_1_76' title='bbox 563 1055 655 1125; x_wconf 90' lang='lat' dir='ltr'>ipsam</span> <span class='ocrx_word' id='word_1_77' title='bbox 664 1054 826 1112; x_wconf 75' lang='lat' dir='ltr'>ecclesiam</span> <span class='ocrx_word' id='word_1_78' title='bbox 842 1055 963 1124; x_wconf 90' lang='lat' dir='ltr'>diligen·</span> 
     </span>
     <span class='ocr_line' id='line_1_14' title="bbox 141 1139 963 1213; baseline -0.001 -15"><span class='ocrx_word' id='word_1_79' title='bbox 141 1141 206 1198; x_wconf 92' lang='lat' dir='ltr'>dam</span> <span class='ocrx_word' id='word_1_80' title='bbox 217 1139 446 1213; x_wconf 78' lang='lat' dir='ltr'>promovendam</span> <span class='ocrx_word' id='word_1_81' title='bbox 458 1146 488 1197; x_wconf 93' lang='lat' dir='ltr'>et</span> <span class='ocrx_word' id='word_1_82' title='bbox 500 1142 693 1212; x_wconf 85' lang='lat' dir='ltr'>ampliandam</span> <span class='ocrx_word' id='word_1_83' title='bbox 705 1141 866 1198; x_wconf 91' lang='lat' dir='ltr'>accendere</span> <span class='ocrx_word' id='word_1_84' title='bbox 877 1143 963 1198; x_wconf 88' lang='lat' dir='ltr'>dehe-</span> 
     </span>
     <span class='ocr_line' id='line_1_15' title="bbox 142 1227 963 1301; baseline 0 -16"><span class='ocrx_word' id='word_1_85' title='bbox 142 1230 222 1300; x_wconf 88' lang='lat' dir='ltr'>bant,</span> <span class='ocrx_word' id='word_1_86' title='bbox 237 1227 376 1285; x_wconf 90' lang='lat' dir='ltr'>videlicet</span> <span class='ocrx_word' id='word_1_87' title='bbox 391 1229 537 1299; x_wconf 82' lang='lat' dir='ltr'>Pepponis</span> <span class='ocrx_word' id='word_1_88' title='bbox 548 1229 679 1301; x_wconf 77' lang='lat' dir='ltr'>episcopi</span> <span class='ocrx_word' id='word_1_89' title='bbox 692 1230 720 1285; x_wconf 92' lang='lat' dir='ltr'>in</span> <span class='ocrx_word' id='word_1_90' title='bbox 733 1231 868 1287; x_wconf 76' lang='lat' dir='ltr'>barolum</span> <span class='ocrx_word' id='word_1_91' title='bbox 880 1229 963 1286; x_wconf 89' lang='lat' dir='ltr'>Tudi·</span> 
     </span>
     <span class='ocr_line' id='line_1_16' title="bbox 140 1317 962 1388; baseline 0.002 -16"><span class='ocrx_word' id='word_1_92' title='bbox 140 1323 199 1375; x_wconf 88' lang='lat' dir='ltr'>tem</span> <span class='ocrx_word' id='word_1_93' title='bbox 216 1322 329 1388; x_wconf 90' lang='lat' dir='ltr'>patrem</span> <span class='ocrx_word' id='word_1_94' title='bbox 344 1331 427 1373; x_wconf 91' lang='lat' dir='ltr'>suum</span> <span class='ocrx_word' id='word_1_95' title='bbox 440 1331 521 1372; x_wconf 87' lang='lat' dir='ltr'>amor</span> <span class='ocrx_word' id='word_1_96' title='bbox 533 1318 680 1388; x_wconf 88' lang='lat' dir='ltr'>prolusus,</span> <span class='ocrx_word' id='word_1_97' title='bbox 694 1319 822 1388; x_wconf 90' lang='lat' dir='ltr'>gratuita</span> <span class='ocrx_word' id='word_1_98' title='bbox 835 1317 962 1374; x_wconf 88' lang='lat' dir='ltr'>lidclitas</span> 
     </span>
     <span class='ocr_line' id='line_1_17' title="bbox 140 1403 962 1474; baseline 0 -13"><span class='ocrx_word' id='word_1_99' title='bbox 140 1410 170 1462; x_wconf 91' lang='lat' dir='ltr'>et</span> <span class='ocrx_word' id='word_1_100' title='bbox 187 1405 215 1460; x_wconf 93' lang='lat' dir='ltr'>in</span> <span class='ocrx_word' id='word_1_101' title='bbox 232 1410 362 1474; x_wconf 86' lang='lat' dir='ltr'>leuipore</span> <span class='ocrx_word' id='word_1_102' title='bbox 377 1403 532 1460; x_wconf 82' lang='lat' dir='ltr'>seditionis</span> <span class='ocrx_word' id='word_1_103' title='bbox 546 1409 647 1460; x_wconf 87' lang='lat' dir='ltr'>contra</span> <span class='ocrx_word' id='word_1_104' title='bbox 665 1404 861 1462; x_wconf 86' lang='lat' dir='ltr'>Raimiredum</span> <span class='ocrx_word' id='word_1_105' title='bbox 878 1407 962 1461; x_wconf 78' lang='lat' dir='ltr'>Fran·</span> 
     </span>
     <span class='ocr_line' id='line_1_18' title="bbox 140 1488 961 1564; baseline 0.001 -15"><span class='ocrx_word' id='word_1_106' title='bbox 140 1501 240 1549; x_wconf 87' lang='lat' dir='ltr'>corum</span> <span class='ocrx_word' id='word_1_107' title='bbox 256 1490 536 1564; x_wconf 78' lang='lat' dir='ltr'>principemipsius</span> <span class='ocrx_word' id='word_1_108' title='bbox 558 1488 653 1548; x_wconf 90' lang='lat' dir='ltr'>liaroli</span> <span class='ocrx_word' id='word_1_109' title='bbox 674 1491 820 1562; x_wconf 80' lang='lat' dir='ltr'>aemulum,</span> <span class='ocrx_word' id='word_1_110' title='bbox 839 1492 961 1549; x_wconf 90' lang='lat' dir='ltr'>indivisa</span> 
     </span>
    </p>
   </div>
   <div class='ocr_carea' id='block_1_7' title="bbox 1014 341 1843 1561">
    <p class='ocr_par' dir='ltr' id='par_1_7' title="bbox 1014 341 1843 1561">
     <span class='ocr_line' id='line_1_19' title="bbox 1014 341 1838 418; baseline -0.005 -15"><span class='ocrx_word' id='word_1_111' title='bbox 1014 348 1094 418; x_wconf 90' lang='lat' dir='ltr'>dare,</span> <span class='ocrx_word' id='word_1_112' title='bbox 1104 346 1410 404; x_wconf 76' lang='lat' dir='ltr'>fautoribusvidelieet</span> <span class='ocrx_word' id='word_1_113' title='bbox 1418 344 1517 402; x_wconf 89' lang='lat' dir='ltr'>suiset</span> <span class='ocrx_word' id='word_1_114' title='bbox 1527 343 1744 413; x_wconf 90' lang='lat' dir='ltr'>consentaneis,</span> <span class='ocrx_word' id='word_1_115' title='bbox 1763 341 1838 399; x_wconf 89' lang='lat' dir='ltr'>adeo</span> 
     </span>
     <span class='ocr_line' id='line_1_20' title="bbox 1014 431 1839 507; baseline -0.006 -15"><span class='ocrx_word' id='word_1_116' title='bbox 1014 441 1044 492; x_wconf 91' lang='lat' dir='ltr'>ul</span> <span class='ocrx_word' id='word_1_117' title='bbox 1057 435 1327 507; x_wconf 81' lang='lat' dir='ltr'>archiepiscopatus</span> <span class='ocrx_word' id='word_1_118' title='bbox 1337 435 1535 490; x_wconf 87' lang='lat' dir='ltr'>Trevircnsem</span> <span class='ocrx_word' id='word_1_119' title='bbox 1547 436 1575 488; x_wconf 93' lang='lat' dir='ltr'>et</span> <span class='ocrx_word' id='word_1_120' title='bbox 1589 432 1759 488; x_wconf 80' lang='lat' dir='ltr'>ilemensevn</span> <span class='ocrx_word' id='word_1_121' title='bbox 1771 431 1839 487; x_wconf 86' lang='lat' dir='ltr'>hlilo</span> 
     </span>
     <span class='ocr_line' id='line_1_21' title="bbox 1015 520 1839 594; baseline -0.007 -14"><span class='ocrx_word' id='word_1_122' title='bbox 1015 525 1131 594; x_wconf 84' lang='lat' dir='ltr'>quidam</span> <span class='ocrx_word' id='word_1_123' title='bbox 1149 530 1266 581; x_wconf 89' lang='lat' dir='ltr'>tonsura</span> <span class='ocrx_word' id='word_1_124' title='bbox 1283 523 1419 586; x_wconf 79' lang='lat' dir='ltr'>clericus.</span> <span class='ocrx_word' id='word_1_125' title='bbox 1435 521 1578 590; x_wconf 84' lang='lat' dir='ltr'>moribus,</span> <span class='ocrx_word' id='word_1_126' title='bbox 1596 520 1696 577; x_wconf 90' lang='lat' dir='ltr'>habitu</span> <span class='ocrx_word' id='word_1_127' title='bbox 1713 526 1743 576; x_wconf 91' lang='lat' dir='ltr'>et</span> <span class='ocrx_word' id='word_1_128' title='bbox 1770 525 1839 576; x_wconf 89' lang='lat' dir='ltr'>actu</span> 
     </span>
     <span class='ocr_line' id='line_1_22' title="bbox 1015 609 1840 683; baseline -0.002 -16"><span class='ocrx_word' id='word_1_129' title='bbox 1015 613 1202 682; x_wconf 81' lang='lat' dir='ltr'>inreligiosus</span> <span class='ocrx_word' id='word_1_130' title='bbox 1216 611 1326 683; x_wconf 83' lang='lat' dir='ltr'>laycus,</span> <span class='ocrx_word' id='word_1_131' title='bbox 1343 611 1434 667; x_wconf 86' lang='lat' dir='ltr'>inulto</span> <span class='ocrx_word' id='word_1_132' title='bbox 1446 617 1576 680; x_wconf 89' lang='lat' dir='ltr'>tempore</span> <span class='ocrx_word' id='word_1_133' title='bbox 1590 609 1776 680; x_wconf 88' lang='lat' dir='ltr'>pessundans</span> <span class='ocrx_word' id='word_1_134' title='bbox 1788 609 1840 665; x_wconf 90' lang='lat' dir='ltr'>oh·</span> 
     </span>
     <span class='ocr_line' id='line_1_23' title="bbox 1014 695 1840 770; baseline -0.004 -15"><span class='ocrx_word' id='word_1_135' title='bbox 1014 699 1147 770; x_wconf 89' lang='lat' dir='ltr'>tinuerit,</span> <span class='ocrx_word' id='word_1_136' title='bbox 1165 701 1356 756; x_wconf 89' lang='lat' dir='ltr'>Viennensem</span> <span class='ocrx_word' id='word_1_137' title='bbox 1372 712 1487 770; x_wconf 87' lang='lat' dir='ltr'>quoque</span> <span class='ocrx_word' id='word_1_138' title='bbox 1503 701 1534 752; x_wconf 94' lang='lat' dir='ltr'>et</span> <span class='ocrx_word' id='word_1_139' title='bbox 1550 695 1659 752; x_wconf 91' lang='lat' dir='ltr'>multos</span> <span class='ocrx_word' id='word_1_140' title='bbox 1678 695 1750 752; x_wconf 88' lang='lat' dir='ltr'>alios</span> <span class='ocrx_word' id='word_1_141' title='bbox 1779 697 1840 768; x_wconf 90' lang='lat' dir='ltr'>epi·</span> 
     </span>
     <span class='ocr_line' id='line_1_24' title="bbox 1017 784 1838 859; baseline -0.005 -16"><span class='ocrx_word' id='word_1_142' title='bbox 1017 794 1158 858; x_wconf 90' lang='lat' dir='ltr'>scopatus</span> <span class='ocrx_word' id='word_1_143' title='bbox 1174 801 1224 859; x_wconf 95' lang='lat' dir='ltr'>per</span> <span class='ocrx_word' id='word_1_144' title='bbox 1238 792 1335 843; x_wconf 89' lang='lat' dir='ltr'>terras</span> <span class='ocrx_word' id='word_1_145' title='bbox 1346 787 1487 854; x_wconf 91' lang='lat' dir='ltr'>diversas,</span> <span class='ocrx_word' id='word_1_146' title='bbox 1500 789 1531 841; x_wconf 90' lang='lat' dir='ltr'>ut</span> <span class='ocrx_word' id='word_1_147' title='bbox 1543 784 1681 856; x_wconf 81' lang='lat' dir='ltr'>hystoriae</span> <span class='ocrx_word' id='word_1_148' title='bbox 1693 785 1838 854; x_wconf 78' lang='lat' dir='ltr'>referunt,</span> 
     </span>
     <span class='ocr_line' id='line_1_25' title="bbox 1018 871 1839 945; baseline -0.006 -14"><span class='ocrx_word' id='word_1_149' title='bbox 1018 874 1202 945; x_wconf 87' lang='lat' dir='ltr'>possiderent</span> <span class='ocrx_word' id='word_1_150' title='bbox 1219 874 1294 944; x_wconf 90' lang='lat' dir='ltr'>laici,</span> <span class='ocrx_word' id='word_1_151' title='bbox 1310 880 1338 930; x_wconf 91' lang='lat' dir='ltr'>et</span> <span class='ocrx_word' id='word_1_152' title='bbox 1350 888 1402 945; x_wconf 89' lang='lat' dir='ltr'>per</span> <span class='ocrx_word' id='word_1_153' title='bbox 1413 886 1528 929; x_wconf 91' lang='lat' dir='ltr'>manum</span> <span class='ocrx_word' id='word_1_154' title='bbox 1542 871 1645 928; x_wconf 87' lang='lat' dir='ltr'>laicam</span> <span class='ocrx_word' id='word_1_155' title='bbox 1655 871 1798 927; x_wconf 90' lang='lat' dir='ltr'>investiti.</span> <span class='ocrx_word' id='word_1_156' title='bbox 1811 873 1839 926; x_wconf 87' lang='lat' dir='ltr'>si</span> 
     </span>
     <span class='ocr_line' id='line_1_26' title="bbox 1017 961 1841 1034; baseline -0.002 -16"><span class='ocrx_word' id='word_1_157' title='bbox 1017 963 1065 1033; x_wconf 85' lang='lat' dir='ltr'>qui</span> <span class='ocrx_word' id='word_1_158' title='bbox 1081 968 1165 1018; x_wconf 89' lang='lat' dir='ltr'>erant</span> <span class='ocrx_word' id='word_1_159' title='bbox 1179 962 1320 1034; x_wconf 88' lang='lat' dir='ltr'>episcopi,</span> <span class='ocrx_word' id='word_1_160' title='bbox 1337 966 1387 1018; x_wconf 89' lang='lat' dir='ltr'>aut</span> <span class='ocrx_word' id='word_1_161' title='bbox 1404 961 1430 1016; x_wconf 91' lang='lat' dir='ltr'>ei</span> <span class='ocrx_word' id='word_1_162' title='bbox 1441 961 1558 1017; x_wconf 90' lang='lat' dir='ltr'>omnino</span> <span class='ocrx_word' id='word_1_163' title='bbox 1573 961 1717 1028; x_wconf 82' lang='lat' dir='ltr'>lavabant,</span> <span class='ocrx_word' id='word_1_164' title='bbox 1730 963 1779 1016; x_wconf 91' lang='lat' dir='ltr'>aut</span> <span class='ocrx_word' id='word_1_165' title='bbox 1793 973 1841 1016; x_wconf 88' lang='lat' dir='ltr'>res</span> 
     </span>
     <span class='ocr_line' id='line_1_27' title="bbox 1017 1047 1841 1123; baseline -0.004 -17"><span class='ocrx_word' id='word_1_166' title='bbox 1017 1051 1236 1108; x_wconf 72' lang='lat' dir='ltr'>ecclesiastices</span> <span class='ocrx_word' id='word_1_167' title='bbox 1248 1050 1473 1123; x_wconf 76' lang='lat' dir='ltr'>diripiebantur,</span> <span class='ocrx_word' id='word_1_168' title='bbox 1485 1056 1535 1105; x_wconf 90' lang='lat' dir='ltr'>aut</span> <span class='ocrx_word' id='word_1_169' title='bbox 1551 1055 1632 1106; x_wconf 90' lang='lat' dir='ltr'>certe</span> <span class='ocrx_word' id='word_1_170' title='bbox 1643 1047 1841 1104; x_wconf 88' lang='lat' dir='ltr'>illisobeunti-</span> 
     </span>
     <span class='ocr_line' id='line_1_28' title="bbox 1019 1134 1842 1208; baseline -0.002 -15"><span class='ocrx_word' id='word_1_171' title='bbox 1019 1137 1074 1194; x_wconf 90' lang='lat' dir='ltr'>hus</span> <span class='ocrx_word' id='word_1_172' title='bbox 1090 1138 1117 1192; x_wconf 94' lang='lat' dir='ltr'>in</span> <span class='ocrx_word' id='word_1_173' title='bbox 1135 1137 1231 1195; x_wconf 91' lang='lat' dir='ltr'>locum</span> <span class='ocrx_word' id='word_1_174' title='bbox 1247 1138 1362 1195; x_wconf 90' lang='lat' dir='ltr'>illorum</span> <span class='ocrx_word' id='word_1_175' title='bbox 1378 1137 1540 1208; x_wconf 81' lang='lat' dir='ltr'>neophytus</span> <span class='ocrx_word' id='word_1_176' title='bbox 1555 1136 1689 1207; x_wconf 82' lang='lat' dir='ltr'>quilibet,</span> <span class='ocrx_word' id='word_1_177' title='bbox 1703 1134 1749 1191; x_wconf 94' lang='lat' dir='ltr'>vel</span> <span class='ocrx_word' id='word_1_178' title='bbox 1766 1150 1842 1207; x_wconf 91' lang='lat' dir='ltr'>quos</span> 
     </span>
     <span class='ocr_line' id='line_1_29' title="bbox 1018 1224 1837 1296; baseline -0.002 -15"><span class='ocrx_word' id='word_1_179' title='bbox 1018 1224 1837 1296; x_wconf 80' lang='lat' dir='ltr'>canonicaesanctionesnonrecipiunt,substituebantur.</span> 
     </span>
     <span class='ocr_line' id='line_1_30' title="bbox 1019 1309 1843 1385; baseline -0.002 -16"><span class='ocrx_word' id='word_1_180' title='bbox 1019 1314 1062 1369; x_wconf 78' lang='lat' dir='ltr'>hb</span> <span class='ocrx_word' id='word_1_181' title='bbox 1079 1315 1131 1370; x_wconf 91' lang='lat' dir='ltr'>hac</span> <span class='ocrx_word' id='word_1_182' title='bbox 1149 1319 1244 1370; x_wconf 91' lang='lat' dir='ltr'>autern</span> <span class='ocrx_word' id='word_1_183' title='bbox 1270 1313 1434 1385; x_wconf 87' lang='lat' dir='ltr'>direptione</span> <span class='ocrx_word' id='word_1_184' title='bbox 1457 1312 1561 1368; x_wconf 90' lang='lat' dir='ltr'>civitas</span> <span class='ocrx_word' id='word_1_185' title='bbox 1586 1309 1635 1366; x_wconf 91' lang='lat' dir='ltr'>illa</span> <span class='ocrx_word' id='word_1_186' title='bbox 1660 1310 1843 1382; x_wconf 86' lang='lat' dir='ltr'>quantulum·</span> 
     </span>
     <span class='ocr_line' id='line_1_31' title="bbox 1018 1399 1840 1473; baseline -0.005 -15"><span class='ocrx_word' id='word_1_187' title='bbox 1018 1416 1143 1473; x_wconf 87' lang='lat' dir='ltr'>cumque</span> <span class='ocrx_word' id='word_1_188' title='bbox 1160 1403 1295 1457; x_wconf 90' lang='lat' dir='ltr'>immunis</span> <span class='ocrx_word' id='word_1_189' title='bbox 1308 1407 1387 1471; x_wconf 87' lang='lat' dir='ltr'>erat,</span> <span class='ocrx_word' id='word_1_190' title='bbox 1400 1415 1464 1472; x_wconf 76' lang='lat' dir='ltr'>quae</span> <span class='ocrx_word' id='word_1_191' title='bbox 1480 1401 1506 1456; x_wconf 91' lang='lat' dir='ltr'>ci</span> <span class='ocrx_word' id='word_1_192' title='bbox 1523 1400 1638 1456; x_wconf 80' lang='lat' dir='ltr'>favebat</span> <span class='ocrx_word' id='word_1_193' title='bbox 1652 1399 1700 1456; x_wconf 81' lang='lat' dir='ltr'>uel</span> <span class='ocrx_word' id='word_1_194' title='bbox 1723 1414 1789 1470; x_wconf 82' lang='lat' dir='ltr'>quae</span> <span class='ocrx_word' id='word_1_195' title='bbox 1813 1401 1840 1455; x_wconf 93' lang='lat' dir='ltr'>ei</span> 
     </span>
     <span class='ocr_line' id='line_1_32' title="bbox 1018 1488 1841 1561; baseline -0.002 -17"><span class='ocrx_word' id='word_1_196' title='bbox 1018 1489 1195 1560; x_wconf 89' lang='lat' dir='ltr'>adjutorium</span> <span class='ocrx_word' id='word_1_197' title='bbox 1212 1490 1383 1561; x_wconf 80' lang='lat' dir='ltr'>praebebal;</span> <span class='ocrx_word' id='word_1_198' title='bbox 1400 1488 1446 1545; x_wconf 90' lang='lat' dir='ltr'>cui</span> <span class='ocrx_word' id='word_1_199' title='bbox 1462 1488 1538 1544; x_wconf 90' lang='lat' dir='ltr'>enim</span> <span class='ocrx_word' id='word_1_200' title='bbox 1554 1489 1746 1555; x_wconf 88' lang='lat' dir='ltr'>innitebatur,</span> <span class='ocrx_word' id='word_1_201' title='bbox 1761 1488 1841 1543; x_wconf 92' lang='lat' dir='ltr'>illam</span> 
     </span>
    </p>
   </div>
   <div class='ocr_carea' id='block_1_8' title="bbox 140 1576 1847 3764">
    <p class='ocr_par' dir='ltr' id='par_1_8' title="bbox 140 1576 1847 3764">
     <span class='ocr_line' id='line_1_33' title="bbox 142 1576 1840 1668; baseline -0.001 -35"><span class='ocrx_word' id='word_1_202' title='bbox 142 1577 291 1635; x_wconf 87' lang='lat' dir='ltr'>laboriset</span> <span class='ocrx_word' id='word_1_203' title='bbox 303 1578 424 1650; x_wconf 89' lang='lat' dir='ltr'>periculi</span> <span class='ocrx_word' id='word_1_204' title='bbox 436 1579 578 1635; x_wconf 91' lang='lat' dir='ltr'>subeundi</span> <span class='ocrx_word' id='word_1_205' title='bbox 589 1580 726 1650; x_wconf 88' lang='lat' dir='ltr'>dualitas,</span> <span class='ocrx_word' id='word_1_206' title='bbox 740 1596 791 1652; x_wconf 92' lang='lat' dir='ltr'>pro</span> <span class='ocrx_word' id='word_1_207' title='bbox 804 1596 861 1651; x_wconf 86' lang='lat' dir='ltr'>quo</span> <span class='ocrx_word' id='word_1_208' title='bbox 874 1581 961 1637; x_wconf 88' lang='lat' dir='ltr'>etiarn</span> <span class='ocrx_word' id='word_1_209' title='bbox 977 1605 1002 1668; x_wconf 75' lang='grc' dir='ltr'>Β</span> <span class='ocrx_word' id='word_1_210' title='bbox 1019 1592 1071 1648; x_wconf 87' lang='lat' dir='ltr'>peu</span> <span class='ocrx_word' id='word_1_211' title='bbox 1087 1593 1119 1634; x_wconf 93' lang='lat' dir='ltr'>se</span> <span class='ocrx_word' id='word_1_212' title='bbox 1135 1593 1260 1648; x_wconf 82' lang='lat' dir='ltr'>suosque</span> <span class='ocrx_word' id='word_1_213' title='bbox 1276 1592 1290 1633; x_wconf 92' lang='lat' dir='ltr'>a</span> <span class='ocrx_word' id='word_1_214' title='bbox 1311 1593 1342 1634; x_wconf 91' lang='lat' dir='ltr'>sc</span> <span class='ocrx_word' id='word_1_215' title='bbox 1366 1576 1487 1648; x_wconf 81' lang='lat' dir='ltr'>suisque</span> <span class='ocrx_word' id='word_1_216' title='bbox 1512 1577 1660 1633; x_wconf 91' lang='lat' dir='ltr'>tuebatur.</span> <span class='ocrx_word' id='word_1_217' title='bbox 1685 1576 1758 1632; x_wconf 90' lang='lat' dir='ltr'>ilino</span> <span class='ocrx_word' id='word_1_218' title='bbox 1783 1583 1840 1646; x_wconf 91' lang='lat' dir='ltr'>est,</span> 
     </span>
     <span class='ocr_line' id='line_1_34' title="bbox 143 1662 1842 1740; baseline -0.003 -17"><span class='ocrx_word' id='word_1_219' title='bbox 143 1666 218 1724; x_wconf 89' lang='lat' dir='ltr'>idern</span> <span class='ocrx_word' id='word_1_220' title='bbox 233 1667 331 1736; x_wconf 87' lang='lat' dir='ltr'>Peppo</span> <span class='ocrx_word' id='word_1_221' title='bbox 343 1665 432 1722; x_wconf 91' lang='lat' dir='ltr'>mulla</span> <span class='ocrx_word' id='word_1_222' title='bbox 445 1681 601 1737; x_wconf 89' lang='lat' dir='ltr'>perpessus</span> <span class='ocrx_word' id='word_1_223' title='bbox 612 1673 656 1724; x_wconf 89' lang='lat' dir='ltr'>est</span> <span class='ocrx_word' id='word_1_224' title='bbox 668 1668 800 1725; x_wconf 90' lang='lat' dir='ltr'>adversa.</span> <span class='ocrx_word' id='word_1_225' title='bbox 813 1670 866 1725; x_wconf 89' lang='lat' dir='ltr'>Sed</span> <span class='ocrx_word' id='word_1_226' title='bbox 880 1669 963 1740; x_wconf 87' lang='lat' dir='ltr'>quid·</span> <span class='ocrx_word' id='word_1_227' title='bbox 1019 1663 1095 1734; x_wconf 83' lang='lat' dir='ltr'>quod</span> <span class='ocrx_word' id='word_1_228' title='bbox 1106 1664 1183 1720; x_wconf 89' lang='lat' dir='ltr'>inter</span> <span class='ocrx_word' id='word_1_229' title='bbox 1193 1664 1360 1720; x_wconf 89' lang='lat' dir='ltr'>innumeras</span> <span class='ocrx_word' id='word_1_230' title='bbox 1372 1678 1444 1735; x_wconf 87' lang='lat' dir='ltr'>quas</span> <span class='ocrx_word' id='word_1_231' title='bbox 1453 1663 1618 1733; x_wconf 89' lang='lat' dir='ltr'>attriverat,</span> <span class='ocrx_word' id='word_1_232' title='bbox 1630 1662 1842 1719; x_wconf 82' lang='lat' dir='ltr'>virdunensem</span> 
     </span>
     <span class='ocr_line' id='line_1_35' title="bbox 142 1749 1842 1827; baseline -0.004 -16"><span class='ocrx_word' id='word_1_233' title='bbox 142 1751 207 1811; x_wconf 88' lang='lat' dir='ltr'>dam</span> <span class='ocrx_word' id='word_1_234' title='bbox 219 1766 284 1810; x_wconf 86' lang='lat' dir='ltr'>euin</span> <span class='ocrx_word' id='word_1_235' title='bbox 299 1752 457 1824; x_wconf 88' lang='lat' dir='ltr'>specialius</span> <span class='ocrx_word' id='word_1_236' title='bbox 472 1752 508 1809; x_wconf 88' lang='lat' dir='ltr'>nd</span> <span class='ocrx_word' id='word_1_237' title='bbox 527 1755 724 1827; x_wconf 89' lang='lat' dir='ltr'>dilectionem,</span> <span class='ocrx_word' id='word_1_238' title='bbox 739 1757 963 1826; x_wconf 90' lang='lat' dir='ltr'>redintegratio·</span> <span class='ocrx_word' id='word_1_239' title='bbox 1019 1756 1150 1822; x_wconf 81' lang='lat' dir='ltr'>tempore</span> <span class='ocrx_word' id='word_1_240' title='bbox 1183 1751 1329 1823; x_wconf 84' lang='lat' dir='ltr'>Pepponis</span> <span class='ocrx_word' id='word_1_241' title='bbox 1359 1751 1488 1823; x_wconf 88' lang='lat' dir='ltr'>episcopi</span> <span class='ocrx_word' id='word_1_242' title='bbox 1513 1750 1632 1821; x_wconf 86' lang='lat' dir='ltr'>praediis</span> <span class='ocrx_word' id='word_1_243' title='bbox 1656 1749 1747 1819; x_wconf 80' lang='lat' dir='ltr'>evixit,</span> <span class='ocrx_word' id='word_1_244' title='bbox 1774 1749 1842 1821; x_wconf 86' lang='lat' dir='ltr'>quia</span> 
     </span>
     <span class='ocr_line' id='line_1_36' title="bbox 142 1823 1843 1910; baseline -0.004 -12"><span class='ocrx_word' id='word_1_245' title='bbox 142 1855 207 1898; x_wconf 90' lang='lat' dir='ltr'>nem</span> <span class='ocrx_word' id='word_1_246' title='bbox 222 1846 251 1896; x_wconf 91' lang='lat' dir='ltr'>et</span> <span class='ocrx_word' id='word_1_247' title='bbox 266 1854 445 1898; x_wconf 89' lang='lat' dir='ltr'>communem</span> <span class='ocrx_word' id='word_1_248' title='bbox 461 1842 613 1898; x_wconf 89' lang='lat' dir='ltr'>tuitionem</span> <span class='ocrx_word' id='word_1_249' title='bbox 629 1844 755 1899; x_wconf 91' lang='lat' dir='ltr'>omnium</span> <span class='ocrx_word' id='word_1_250' title='bbox 769 1844 961 1901; x_wconf 89' lang='lat' dir='ltr'>eeclesiarum</span> <span class='ocrx_word' id='word_1_251' title='bbox 1017 1839 1115 1910; x_wconf 92' lang='lat' dir='ltr'>Peppo</span> <span class='ocrx_word' id='word_1_252' title='bbox 1130 1839 1231 1909; x_wconf 92' lang='lat' dir='ltr'>isdem,</span> <span class='ocrx_word' id='word_1_253' title='bbox 1250 1846 1281 1895; x_wconf 92' lang='lat' dir='ltr'>ut</span> <span class='ocrx_word' id='word_1_254' title='bbox 1296 1839 1433 1910; x_wconf 91' lang='lat' dir='ltr'>superius</span> <span class='ocrx_word' id='word_1_255' title='bbox 1449 1823 1584 1904; x_wconf 75' lang='lat' dir='ltr'>relatum,</span> <span class='ocrx_word' id='word_1_256' title='bbox 1601 1844 1645 1894; x_wconf 90' lang='lat' dir='ltr'>est</span> <span class='ocrx_word' id='word_1_257' title='bbox 1661 1837 1689 1892; x_wconf 91' lang='lat' dir='ltr'>iu</span> <span class='ocrx_word' id='word_1_258' title='bbox 1709 1843 1843 1908; x_wconf 92' lang='lat' dir='ltr'>tempore</span> 
     </span>
     <span class='ocr_line' id='line_1_37' title="bbox 142 1925 1842 2002; baseline -0.002 -19"><span class='ocrx_word' id='word_1_259' title='bbox 142 1929 269 2000; x_wconf 88' lang='lat' dir='ltr'>impulit,</span> <span class='ocrx_word' id='word_1_260' title='bbox 287 1927 364 1999; x_wconf 89' lang='lat' dir='ltr'>quod</span> <span class='ocrx_word' id='word_1_261' title='bbox 385 1943 440 1985; x_wconf 92' lang='lat' dir='ltr'>non</span> <span class='ocrx_word' id='word_1_262' title='bbox 459 1930 495 1985; x_wconf 86' lang='lat' dir='ltr'>ah</span> <span class='ocrx_word' id='word_1_263' title='bbox 518 1944 548 1985; x_wconf 84' lang='lat' dir='ltr'>re</span> <span class='ocrx_word' id='word_1_264' title='bbox 567 1931 684 1987; x_wconf 82' lang='lat' dir='ltr'>videtur</span> <span class='ocrx_word' id='word_1_265' title='bbox 700 1932 727 1986; x_wconf 83' lang='lat' dir='ltr'>in</span> <span class='ocrx_word' id='word_1_266' title='bbox 746 1931 859 1988; x_wconf 80' lang='lat' dir='ltr'>landem</span> <span class='ocrx_word' id='word_1_267' title='bbox 876 1933 963 2002; x_wconf 70' lang='lat' dir='ltr'>liujus</span> <span class='ocrx_word' id='word_1_268' title='bbox 1018 1925 1211 1994; x_wconf 81' lang='lat' dir='ltr'>dissensionis</span> <span class='ocrx_word' id='word_1_269' title='bbox 1227 1933 1256 1983; x_wconf 93' lang='lat' dir='ltr'>et</span> <span class='ocrx_word' id='word_1_270' title='bbox 1270 1932 1335 1998; x_wconf 92' lang='lat' dir='ltr'>part</span> <span class='ocrx_word' id='word_1_271' title='bbox 1350 1928 1404 1983; x_wconf 90' lang='lat' dir='ltr'>hus</span> <span class='ocrx_word' id='word_1_272' title='bbox 1415 1927 1478 1997; x_wconf 89' lang='lat' dir='ltr'>ejus</span> <span class='ocrx_word' id='word_1_273' title='bbox 1491 1927 1559 1983; x_wconf 88' lang='lat' dir='ltr'>lavit</span> <span class='ocrx_word' id='word_1_274' title='bbox 1571 1931 1600 1982; x_wconf 86' lang='lat' dir='ltr'>et</span> <span class='ocrx_word' id='word_1_275' title='bbox 1614 1925 1787 1982; x_wconf 79' lang='lat' dir='ltr'>familiarius</span> <span class='ocrx_word' id='word_1_276' title='bbox 1798 1925 1842 1980; x_wconf 94' lang='lat' dir='ltr'>illi</span> 
     </span>
     <span class='ocr_line' id='line_1_38' title="bbox 143 2014 1844 2092; baseline -0.002 -20"><span class='ocrx_word' id='word_1_277' title='bbox 143 2017 236 2088; x_wconf 91' lang='lat' dir='ltr'>patris</span> <span class='ocrx_word' id='word_1_278' title='bbox 251 2016 345 2072; x_wconf 91' lang='lat' dir='ltr'>nostri</span> <span class='ocrx_word' id='word_1_279' title='bbox 361 2016 426 2073; x_wconf 89' lang='lat' dir='ltr'>huic</span> <span class='ocrx_word' id='word_1_280' title='bbox 441 2016 585 2088; x_wconf 88' lang='lat' dir='ltr'>opusculo</span> <span class='ocrx_word' id='word_1_281' title='bbox 607 2018 765 2089; x_wconf 85' lang='lat' dir='ltr'>innectere,</span> <span class='ocrx_word' id='word_1_282' title='bbox 782 2020 818 2075; x_wconf 88' lang='lat' dir='ltr'>nd</span> <span class='ocrx_word' id='word_1_283' title='bbox 840 2020 964 2092; x_wconf 92' lang='lat' dir='ltr'>compri·</span> <span class='ocrx_word' id='word_1_284' title='bbox 1017 2015 1149 2074; x_wconf 87' lang='lat' dir='ltr'>servivit.</span> <span class='ocrx_word' id='word_1_285' title='bbox 1163 2016 1367 2072; x_wconf 86' lang='lat' dir='ltr'>Verumtamen</span> <span class='ocrx_word' id='word_1_286' title='bbox 1379 2015 1429 2071; x_wconf 93' lang='lat' dir='ltr'>illo</span> <span class='ocrx_word' id='word_1_287' title='bbox 1441 2015 1588 2082; x_wconf 77' lang='lat' dir='ltr'>defuncto,</span> <span class='ocrx_word' id='word_1_288' title='bbox 1602 2014 1844 2086; x_wconf 80' lang='lat' dir='ltr'>quidaliapatie-</span> 
     </span>
     <span class='ocr_line' id='line_1_39' title="bbox 143 2102 1843 2179; baseline -0.001 -20"><span class='ocrx_word' id='word_1_289' title='bbox 143 2102 277 2160; x_wconf 91' lang='lat' dir='ltr'>mendum</span> <span class='ocrx_word' id='word_1_290' title='bbox 294 2109 436 2160; x_wconf 89' lang='lat' dir='ltr'>tumorem</span> <span class='ocrx_word' id='word_1_291' title='bbox 458 2119 558 2174; x_wconf 93' lang='lat' dir='ltr'>regum</span> <span class='ocrx_word' id='word_1_292' title='bbox 580 2110 610 2161; x_wconf 91' lang='lat' dir='ltr'>et</span> <span class='ocrx_word' id='word_1_293' title='bbox 631 2107 793 2177; x_wconf 92' lang='lat' dir='ltr'>principum</span> <span class='ocrx_word' id='word_1_294' title='bbox 819 2112 917 2179; x_wconf 84' lang='lat' dir='ltr'>terrae,</span> <span class='ocrx_word' id='word_1_295' title='bbox 933 2114 964 2165; x_wconf 89' lang='lat' dir='ltr'>et</span> <span class='ocrx_word' id='word_1_296' title='bbox 1020 2106 1135 2174; x_wconf 88' lang='lat' dir='ltr'>bantur,</span> <span class='ocrx_word' id='word_1_297' title='bbox 1147 2102 1248 2159; x_wconf 89' lang='lat' dir='ltr'>eadem</span> <span class='ocrx_word' id='word_1_298' title='bbox 1261 2105 1609 2175; x_wconf 85' lang='lat' dir='ltr'>quoqueexpertaest.ln</span> <span class='ocrx_word' id='word_1_299' title='bbox 1626 2106 1843 2159; x_wconf 90' lang='lat' dir='ltr'>tantumautcm</span> 
     </span>
     <span class='ocr_line' id='line_1_40' title="bbox 142 2190 1843 2263; baseline -0.001 -16"><span class='ocrx_word' id='word_1_300' title='bbox 142 2195 175 2248; x_wconf 90' lang='lat' dir='ltr'>ut</span> <span class='ocrx_word' id='word_1_301' title='bbox 189 2190 355 2247; x_wconf 91' lang='lat' dir='ltr'>evidentius</span> <span class='ocrx_word' id='word_1_302' title='bbox 371 2197 558 2262; x_wconf 82' lang='lat' dir='ltr'>agnoscatur,</span> <span class='ocrx_word' id='word_1_303' title='bbox 574 2206 639 2263; x_wconf 74' lang='lat' dir='ltr'>quiae</span> <span class='ocrx_word' id='word_1_304' title='bbox 654 2194 741 2249; x_wconf 86' lang='lat' dir='ltr'>luerit</span> <span class='ocrx_word' id='word_1_305' title='bbox 752 2209 841 2251; x_wconf 89' lang='lat' dir='ltr'>causa</span> <span class='ocrx_word' id='word_1_306' title='bbox 852 2195 964 2252; x_wconf 90' lang='lat' dir='ltr'>desola-</span> <span class='ocrx_word' id='word_1_307' title='bbox 1018 2190 1843 2262; x_wconf 82' lang='lat' dir='ltr'>vastitatepraeiataTrevir·ensismetropolisalilictaiuit,</span> 
     </span>
     <span class='ocr_line' id='line_1_41' title="bbox 143 2278 1845 2350; baseline 0 -16"><span class='ocrx_word' id='word_1_308' title='bbox 143 2278 232 2334; x_wconf 87' lang='lat' dir='ltr'>tionis</span> <span class='ocrx_word' id='word_1_309' title='bbox 246 2279 428 2336; x_wconf 89' lang='lat' dir='ltr'>Trevirensis</span> <span class='ocrx_word' id='word_1_310' title='bbox 440 2285 468 2335; x_wconf 90' lang='lat' dir='ltr'>et</span> <span class='ocrx_word' id='word_1_311' title='bbox 483 2280 677 2337; x_wconf 84' lang='lat' dir='ltr'>l&#39;irdunensis</span> <span class='ocrx_word' id='word_1_312' title='bbox 692 2282 837 2340; x_wconf 77' lang='lat' dir='ltr'>eeclesiae.</span> <span class='ocrx_word' id='word_1_313' title='bbox 1019 2285 1051 2336; x_wconf 90' lang='lat' dir='ltr'>ul</span> <span class='ocrx_word' id='word_1_314' title='bbox 1067 2295 1120 2350; x_wconf 91' lang='lat' dir='ltr'>pro</span> <span class='ocrx_word' id='word_1_315' title='bbox 1136 2278 1304 2336; x_wconf 88' lang='lat' dir='ltr'>multimoda</span> <span class='ocrx_word' id='word_1_316' title='bbox 1321 2281 1385 2350; x_wconf 87' lang='lat' dir='ltr'>ejus</span> <span class='ocrx_word' id='word_1_317' title='bbox 1398 2279 1565 2336; x_wconf 88' lang='lat' dir='ltr'>calamitate</span> <span class='ocrx_word' id='word_1_318' title='bbox 1576 2283 1606 2335; x_wconf 90' lang='lat' dir='ltr'>el</span> <span class='ocrx_word' id='word_1_319' title='bbox 1617 2278 1845 2336; x_wconf 85' lang='lat' dir='ltr'>conculcatione</span> 
     </span>
     <span class='ocr_line' id='line_1_42' title="bbox 176 2366 1846 2440; baseline -0.001 -16"><span class='ocrx_word' id='word_1_320' title='bbox 176 2366 260 2437; x_wconf 79' lang='lat' dir='ltr'>(dtr.</span> <span class='ocrx_word' id='word_1_321' title='bbox 276 2367 409 2437; x_wconf 79' lang='lat' dir='ltr'>Diniae.)</span> <span class='ocrx_word' id='word_1_322' title='bbox 425 2367 478 2433; x_wconf 82' lang='lat' dir='ltr'>Qui</span> <span class='ocrx_word' id='word_1_323' title='bbox 500 2367 589 2437; x_wconf 84' lang='lat' dir='ltr'>igitur</span> <span class='ocrx_word' id='word_1_324' title='bbox 611 2369 759 2439; x_wconf 82' lang='lat' dir='ltr'>luystorias</span> <span class='ocrx_word' id='word_1_325' title='bbox 781 2371 915 2440; x_wconf 90' lang='lat' dir='ltr'>legerunt</span> <span class='ocrx_word' id='word_1_326' title='bbox 933 2377 963 2428; x_wconf 92' lang='lat' dir='ltr'>et</span> <span class='ocrx_word' id='word_1_327' title='bbox 1017 2366 1846 2438; x_wconf 79' lang='lat' dir='ltr'>vacanteeahlediomatricaeeivitatispraesulespostmo</span> 
     </span>
     <span class='ocr_line' id='line_1_43' title="bbox 142 2454 1843 2527; baseline -0.001 -16"><span class='ocrx_word' id='word_1_328' title='bbox 142 2460 272 2511; x_wconf 89' lang='lat' dir='ltr'>veterum</span> <span class='ocrx_word' id='word_1_329' title='bbox 285 2454 395 2526; x_wconf 85' lang='lat' dir='ltr'>scripta</span> <span class='ocrx_word' id='word_1_330' title='bbox 412 2456 564 2526; x_wconf 90' lang='lat' dir='ltr'>rimantur,</span> <span class='ocrx_word' id='word_1_331' title='bbox 576 2458 662 2527; x_wconf 77' lang='lat' dir='ltr'>huius</span> <span class='ocrx_word' id='word_1_332' title='bbox 678 2459 775 2514; x_wconf 89' lang='lat' dir='ltr'>llaroli</span> <span class='ocrx_word' id='word_1_333' title='bbox 790 2460 903 2516; x_wconf 83' lang='lat' dir='ltr'>Tuditis</span> <span class='ocrx_word' id='word_1_334' title='bbox 917 2475 964 2516; x_wconf 90' lang='lat' dir='ltr'>ac·</span> <span class='ocrx_word' id='word_1_335' title='bbox 1018 2454 1085 2511; x_wconf 92' lang='lat' dir='ltr'>dum</span> <span class='ocrx_word' id='word_1_336' title='bbox 1096 2457 1288 2525; x_wconf 86' lang='lat' dir='ltr'>iungerentur</span> <span class='ocrx_word' id='word_1_337' title='bbox 1300 2455 1512 2527; x_wconf 87' lang='lat' dir='ltr'>archiepiscopi</span> <span class='ocrx_word' id='word_1_338' title='bbox 1524 2455 1667 2525; x_wconf 79' lang='lat' dir='ltr'>dignitate</span> <span class='ocrx_word' id='word_1_339' title='bbox 1679 2455 1843 2511; x_wconf 88' lang='lat' dir='ltr'>etncmine.</span> 
     </span>
     <span class='ocr_line' id='line_1_44' title="bbox 142 2542 1844 2618; baseline 0.002 -20"><span class='ocrx_word' id='word_1_340' title='bbox 142 2548 190 2599; x_wconf 92' lang='lat' dir='ltr'>tus</span> <span class='ocrx_word' id='word_1_341' title='bbox 204 2549 233 2597; x_wconf 92' lang='lat' dir='ltr'>et</span> <span class='ocrx_word' id='word_1_342' title='bbox 251 2542 349 2614; x_wconf 79' lang='lat' dir='ltr'>prelia</span> <span class='ocrx_word' id='word_1_343' title='bbox 361 2548 515 2611; x_wconf 91' lang='lat' dir='ltr'>noverunt,</span> <span class='ocrx_word' id='word_1_344' title='bbox 529 2545 576 2613; x_wconf 84' lang='lat' dir='ltr'>qui</span> <span class='ocrx_word' id='word_1_345' title='bbox 593 2545 785 2603; x_wconf 84' lang='lat' dir='ltr'>idooTuditcs</span> <span class='ocrx_word' id='word_1_346' title='bbox 797 2547 963 2618; x_wconf 89' lang='lat' dir='ltr'>appellatus</span> <span class='ocrx_word' id='word_1_347' title='bbox 1019 2543 1102 2615; x_wconf 80' lang='lat' dir='ltr'>[huo]</span> <span class='ocrx_word' id='word_1_348' title='bbox 1120 2545 1239 2600; x_wconf 86' lang='lat' dir='ltr'>Vastata</span> <span class='ocrx_word' id='word_1_349' title='bbox 1256 2550 1416 2616; x_wconf 80' lang='lat' dir='ltr'>quoquest</span> <span class='ocrx_word' id='word_1_350' title='bbox 1438 2544 1580 2616; x_wconf 86' lang='lat' dir='ltr'>dissipata</span> <span class='ocrx_word' id='word_1_351' title='bbox 1606 2544 1789 2614; x_wconf 77' lang='lat' dir='ltr'>lugdunensi</span> <span class='ocrx_word' id='word_1_352' title='bbox 1814 2549 1844 2598; x_wconf 91' lang='lat' dir='ltr'>et</span> 
     </span>
     <span class='ocr_line' id='line_1_45' title="bbox 141 2628 1845 2705; baseline 0.002 -19"><span class='ocrx_word' id='word_1_353' title='bbox 141 2635 198 2699; x_wconf 87' lang='lat' dir='ltr'>est,</span> <span class='ocrx_word' id='word_1_354' title='bbox 213 2629 289 2699; x_wconf 86' lang='lat' dir='ltr'>quod</span> <span class='ocrx_word' id='word_1_355' title='bbox 303 2635 349 2685; x_wconf 90' lang='lat' dir='ltr'>est</span> <span class='ocrx_word' id='word_1_356' title='bbox 365 2629 488 2685; x_wconf 89' lang='lat' dir='ltr'>malleus</span> <span class='ocrx_word' id='word_1_357' title='bbox 505 2631 589 2700; x_wconf 89' lang='lat' dir='ltr'>labri,</span> <span class='ocrx_word' id='word_1_358' title='bbox 607 2633 675 2702; x_wconf 87' lang='lat' dir='ltr'>quia</span> <span class='ocrx_word' id='word_1_359' title='bbox 689 2634 767 2690; x_wconf 90' lang='lat' dir='ltr'>sicut</span> <span class='ocrx_word' id='word_1_360' title='bbox 782 2628 963 2692; x_wconf 86' lang='lat' dir='ltr'>malleouni-</span> <span class='ocrx_word' id='word_1_361' title='bbox 1018 2631 1173 2687; x_wconf 89' lang='lat' dir='ltr'>Viennensi</span> <span class='ocrx_word' id='word_1_362' title='bbox 1192 2633 1351 2703; x_wconf 90' lang='lat' dir='ltr'>provincia,</span> <span class='ocrx_word' id='word_1_363' title='bbox 1369 2632 1480 2703; x_wconf 84' lang='lat' dir='ltr'>aliquot</span> <span class='ocrx_word' id='word_1_364' title='bbox 1503 2633 1586 2688; x_wconf 88' lang='lat' dir='ltr'>annis</span> <span class='ocrx_word' id='word_1_365' title='bbox 1610 2633 1671 2689; x_wconf 91' lang='lat' dir='ltr'>sine</span> <span class='ocrx_word' id='word_1_366' title='bbox 1695 2632 1845 2705; x_wconf 89' lang='lat' dir='ltr'>episcopis</span> 
     </span>
     <span class='ocr_line' id='line_1_46' title="bbox 141 2717 1842 2792; baseline 0.001 -17"><span class='ocrx_word' id='word_1_367' title='bbox 141 2731 227 2775; x_wconf 90' lang='lat' dir='ltr'>versa</span> <span class='ocrx_word' id='word_1_368' title='bbox 245 2718 408 2774; x_wconf 91' lang='lat' dir='ltr'>tunduntur</span> <span class='ocrx_word' id='word_1_369' title='bbox 424 2717 658 2790; x_wconf 85' lang='lat' dir='ltr'>leri·amenta,ita</span> <span class='ocrx_word' id='word_1_370' title='bbox 674 2721 735 2791; x_wconf 90' lang='lat' dir='ltr'>ipse</span> <span class='ocrx_word' id='word_1_371' title='bbox 750 2722 890 2779; x_wconf 89' lang='lat' dir='ltr'>contrivit</span> <span class='ocrx_word' id='word_1_372' title='bbox 904 2739 963 2780; x_wconf 89' lang='lat' dir='ltr'>cvn-</span> <span class='ocrx_word' id='word_1_373' title='bbox 1018 2727 1143 2792; x_wconf 88' lang='lat' dir='ltr'>utraque</span> <span class='ocrx_word' id='word_1_374' title='bbox 1158 2721 1214 2776; x_wconf 89' lang='lat' dir='ltr'>luit</span> <span class='ocrx_word' id='word_1_375' title='bbox 1229 2721 1370 2777; x_wconf 77' lang='lat' dir='ltr'>ecelesia.</span> <span class='ocrx_word' id='word_1_376' title='bbox 1390 2721 1539 2777; x_wconf 90' lang='lat' dir='ltr'>Wiliarius</span> <span class='ocrx_word' id='word_1_377' title='bbox 1558 2721 1634 2777; x_wconf 90' lang='lat' dir='ltr'>enirn</span> <span class='ocrx_word' id='word_1_378' title='bbox 1658 2721 1842 2792; x_wconf 86' lang='lat' dir='ltr'>Viennensis,</span> 
     </span>
     <span class='ocr_line' id='line_1_47' title="bbox 141 2805 1844 2882; baseline 0.002 -20"><span class='ocrx_word' id='word_1_379' title='bbox 141 2806 186 2862; x_wconf 90' lang='lat' dir='ltr'>nia</span> <span class='ocrx_word' id='word_1_380' title='bbox 200 2819 289 2876; x_wconf 87' lang='lat' dir='ltr'>regna</span> <span class='ocrx_word' id='word_1_381' title='bbox 301 2805 356 2861; x_wconf 93' lang='lat' dir='ltr'>sibi</span> <span class='ocrx_word' id='word_1_382' title='bbox 370 2805 655 2864; x_wconf 69' lang='lat' dir='ltr'>vicinal’crhienim</span> <span class='ocrx_word' id='word_1_383' title='bbox 667 2823 758 2864; x_wconf 88' lang='lat' dir='ltr'>airnos</span> <span class='ocrx_word' id='word_1_384' title='bbox 771 2810 963 2882; x_wconf 87' lang='lat' dir='ltr'>quihusprin·</span> <span class='ocrx_word' id='word_1_385' title='bbox 1018 2808 1067 2878; x_wconf 86' lang='lat' dir='ltr'>qui</span> <span class='ocrx_word' id='word_1_386' title='bbox 1084 2809 1277 2864; x_wconf 74' lang='lat' dir='ltr'>austroberto</span> <span class='ocrx_word' id='word_1_387' title='bbox 1302 2815 1495 2879; x_wconf 87' lang='lat' dir='ltr'>successerat,</span> <span class='ocrx_word' id='word_1_388' title='bbox 1522 2809 1625 2865; x_wconf 90' lang='lat' dir='ltr'>videns</span> <span class='ocrx_word' id='word_1_389' title='bbox 1648 2809 1844 2866; x_wconf 88' lang='lat' dir='ltr'>Viennensem</span> 
     </span>
     <span class='ocr_line' id='line_1_48' title="bbox 141 2893 1845 2970; baseline 0.001 -18"><span class='ocrx_word' id='word_1_390' title='bbox 141 2896 269 2968; x_wconf 83' lang='lat' dir='ltr'>cipetum</span> <span class='ocrx_word' id='word_1_391' title='bbox 288 2893 414 2966; x_wconf 91' lang='lat' dir='ltr'>optinuit</span> <span class='ocrx_word' id='word_1_392' title='bbox 440 2895 494 2951; x_wconf 92' lang='lat' dir='ltr'>sub</span> <span class='ocrx_word' id='word_1_393' title='bbox 514 2896 632 2966; x_wconf 87' lang='lat' dir='ltr'>regibus</span> <span class='ocrx_word' id='word_1_394' title='bbox 651 2898 816 2967; x_wconf 82' lang='lat' dir='ltr'>dagoberto</span> <span class='ocrx_word' id='word_1_395' title='bbox 834 2899 960 2970; x_wconf 80' lang='lat' dir='ltr'>juniore,</span> <span class='ocrx_word' id='word_1_396' title='bbox 1018 2896 1178 2952; x_wconf 72' lang='lat' dir='ltr'>aecclesiam</span> <span class='ocrx_word' id='word_1_397' title='bbox 1194 2897 1363 2953; x_wconf 89' lang='lat' dir='ltr'>indecenter</span> <span class='ocrx_word' id='word_1_398' title='bbox 1379 2896 1525 2952; x_wconf 92' lang='lat' dir='ltr'>humiliari</span> <span class='ocrx_word' id='word_1_399' title='bbox 1541 2899 1578 2953; x_wconf 94' lang='lat' dir='ltr'>oh</span> <span class='ocrx_word' id='word_1_400' title='bbox 1592 2897 1704 2954; x_wconf 89' lang='lat' dir='ltr'>cladem</span> <span class='ocrx_word' id='word_1_401' title='bbox 1722 2899 1845 2953; x_wconf 87' lang='lat' dir='ltr'>Sarace-</span> 
     </span>
     <span class='ocr_line' id='line_1_49' title="bbox 142 2955 1842 3056; baseline 0.001 -15"><span class='ocrx_word' id='word_1_402' title='bbox 142 2982 963 3055; x_wconf 79' lang='lat' dir='ltr'>Cbilperico,Theoderico,Clotav·ie,childeherloelllil·</span> <span class='ocrx_word' id='word_1_403' title='bbox 979 2955 1003 3018; x_wconf 64' lang='grc' dir='ltr'>Ο</span> <span class='ocrx_word' id='word_1_404' title='bbox 1019 3000 1120 3041; x_wconf 92' lang='lat' dir='ltr'>norum</span> <span class='ocrx_word' id='word_1_405' title='bbox 1145 2985 1330 3056; x_wconf 73' lang='lat' dir='ltr'>septimaniae</span> <span class='ocrx_word' id='word_1_406' title='bbox 1354 2989 1382 3040; x_wconf 90' lang='lat' dir='ltr'>et</span> <span class='ocrx_word' id='word_1_407' title='bbox 1411 2986 1566 3042; x_wconf 89' lang='lat' dir='ltr'>Viennensi</span> <span class='ocrx_word' id='word_1_408' title='bbox 1595 2993 1623 3042; x_wconf 90' lang='lat' dir='ltr'>et</span> <span class='ocrx_word' id='word_1_409' title='bbox 1655 2986 1842 3056; x_wconf 80' lang='lat' dir='ltr'>lugdunensi</span> 
     </span>
     <span class='ocr_line' id='line_1_50' title="bbox 141 3071 1844 3147; baseline 0.002 -19"><span class='ocrx_word' id='word_1_410' title='bbox 141 3071 240 3128; x_wconf 90' lang='lat' dir='ltr'>derico</span> <span class='ocrx_word' id='word_1_411' title='bbox 260 3071 329 3142; x_wconf 82' lang='lat' dir='ltr'>(bd),</span> <span class='ocrx_word' id='word_1_412' title='bbox 343 3076 496 3143; x_wconf 82' lang='lat' dir='ltr'>postquam</span> <span class='ocrx_word' id='word_1_413' title='bbox 514 3072 549 3128; x_wconf 90' lang='lat' dir='ltr'>de</span> <span class='ocrx_word' id='word_1_414' title='bbox 571 3088 655 3130; x_wconf 89' lang='lat' dir='ltr'>manu</span> <span class='ocrx_word' id='word_1_415' title='bbox 673 3075 829 3131; x_wconf 84' lang='lat' dir='ltr'>ilaimiredi</span> <span class='ocrx_word' id='word_1_416' title='bbox 846 3075 964 3147; x_wconf 89' lang='lat' dir='ltr'>majoris</span> <span class='ocrx_word' id='word_1_417' title='bbox 1020 3074 1174 3146; x_wconf 87' lang='lat' dir='ltr'>provintiis</span> <span class='ocrx_word' id='word_1_418' title='bbox 1186 3074 1407 3142; x_wconf 89' lang='lat' dir='ltr'>inuniuentium,</span> <span class='ocrx_word' id='word_1_419' title='bbox 1419 3072 1510 3144; x_wconf 78' lang='lat' dir='ltr'>laycis</span> <span class='ocrx_word' id='word_1_420' title='bbox 1522 3075 1665 3145; x_wconf 87' lang='lat' dir='ltr'>sacrilege</span> <span class='ocrx_word' id='word_1_421' title='bbox 1676 3081 1706 3132; x_wconf 90' lang='lat' dir='ltr'>el</span> <span class='ocrx_word' id='word_1_422' title='bbox 1719 3076 1844 3132; x_wconf 87' lang='lat' dir='ltr'>barbare</span> 
     </span>
     <span class='ocr_line' id='line_1_51' title="bbox 141 3159 1844 3236; baseline 0.002 -20"><span class='ocrx_word' id='word_1_423' title='bbox 141 3159 244 3216; x_wconf 90' lang='lat' dir='ltr'>domus</span> <span class='ocrx_word' id='word_1_424' title='bbox 256 3159 284 3214; x_wconf 94' lang='lat' dir='ltr'>in</span> <span class='ocrx_word' id='word_1_425' title='bbox 297 3173 387 3228; x_wconf 86' lang='lat' dir='ltr'>regno</span> <span class='ocrx_word' id='word_1_426' title='bbox 400 3159 575 3217; x_wconf 82' lang='lat' dir='ltr'>Francorum</span> <span class='ocrx_word' id='word_1_427' title='bbox 587 3175 637 3231; x_wconf 91' lang='lat' dir='ltr'>per</span> <span class='ocrx_word' id='word_1_428' title='bbox 649 3161 739 3218; x_wconf 90' lang='lat' dir='ltr'>multa</span> <span class='ocrx_word' id='word_1_429' title='bbox 752 3162 826 3218; x_wconf 89' lang='lat' dir='ltr'>bella</span> <span class='ocrx_word' id='word_1_430' title='bbox 839 3163 963 3220; x_wconf 86' lang='lat' dir='ltr'>eundern</span> <span class='ocrx_word' id='word_1_431' title='bbox 1020 3178 1067 3219; x_wconf 84' lang='lat' dir='ltr'>res</span> <span class='ocrx_word' id='word_1_432' title='bbox 1080 3163 1400 3233; x_wconf 88' lang='lat' dir='ltr'>saorasobtineutibus,</span> <span class='ocrx_word' id='word_1_433' title='bbox 1410 3163 1690 3236; x_wconf 87' lang='lat' dir='ltr'>relictoepiscopatu</span> <span class='ocrx_word' id='word_1_434' title='bbox 1700 3169 1844 3220; x_wconf 90' lang='lat' dir='ltr'>monaste-</span> 
     </span>
     <span class='ocr_line' id='line_1_52' title="bbox 142 3246 1846 3322; baseline 0.004 -20"><span class='ocrx_word' id='word_1_435' title='bbox 142 3246 336 3318; x_wconf 88' lang='lat' dir='ltr'>prinoipatum</span> <span class='ocrx_word' id='word_1_436' title='bbox 351 3246 483 3316; x_wconf 87' lang='lat' dir='ltr'>sustulit,</span> <span class='ocrx_word' id='word_1_437' title='bbox 496 3251 577 3303; x_wconf 87' lang='lat' dir='ltr'>tanta</span> <span class='ocrx_word' id='word_1_438' title='bbox 593 3247 676 3305; x_wconf 91' lang='lat' dir='ltr'>clade</span> <span class='ocrx_word' id='word_1_439' title='bbox 690 3249 785 3305; x_wconf 89' lang='lat' dir='ltr'>omnia</span> <span class='ocrx_word' id='word_1_440' title='bbox 803 3265 890 3321; x_wconf 88' lang='lat' dir='ltr'>regna</span> <span class='ocrx_word' id='word_1_441' title='bbox 907 3252 963 3308; x_wconf 91' lang='lat' dir='ltr'>sibi</span> <span class='ocrx_word' id='word_1_442' title='bbox 1020 3251 1094 3307; x_wconf 92' lang='lat' dir='ltr'>rium</span> <span class='ocrx_word' id='word_1_443' title='bbox 1107 3254 1281 3322; x_wconf 72' lang='lat' dir='ltr'>agaunense</span> <span class='ocrx_word' id='word_1_444' title='bbox 1295 3252 1430 3322; x_wconf 86' lang='lat' dir='ltr'>expetiit,</span> <span class='ocrx_word' id='word_1_445' title='bbox 1444 3252 1492 3308; x_wconf 91' lang='lat' dir='ltr'>ubi</span> <span class='ocrx_word' id='word_1_446' title='bbox 1504 3255 1532 3308; x_wconf 90' lang='lat' dir='ltr'>el</span> <span class='ocrx_word' id='word_1_447' title='bbox 1544 3253 1633 3308; x_wconf 89' lang='lat' dir='ltr'>vitam</span> <span class='ocrx_word' id='word_1_448' title='bbox 1649 3252 1846 3309; x_wconf 86' lang='lat' dir='ltr'>venerabilem</span> 
     </span>
     <span class='ocr_line' id='line_1_53' title="bbox 142 3334 1845 3412; baseline 0.002 -21"><span class='ocrx_word' id='word_1_449' title='bbox 142 3334 245 3404; x_wconf 89' lang='lat' dir='ltr'>vicina,</span> <span class='ocrx_word' id='word_1_450' title='bbox 270 3334 298 3389; x_wconf 92' lang='lat' dir='ltr'>id</span> <span class='ocrx_word' id='word_1_451' title='bbox 325 3339 369 3389; x_wconf 89' lang='lat' dir='ltr'>ost</span> <span class='ocrx_word' id='word_1_452' title='bbox 396 3334 559 3405; x_wconf 79' lang='lat' dir='ltr'>saxoniam,</span> <span class='ocrx_word' id='word_1_453' title='bbox 587 3337 757 3407; x_wconf 83' lang='lat' dir='ltr'>ltavvariavn,</span> <span class='ocrx_word' id='word_1_454' title='bbox 785 3339 964 3396; x_wconf 78' lang='lat' dir='ltr'>Provinciam</span> <span class='ocrx_word' id='word_1_455' title='bbox 1020 3339 1114 3409; x_wconf 83' lang='lat' dir='ltr'>duxit,</span> <span class='ocrx_word' id='word_1_456' title='bbox 1131 3346 1161 3394; x_wconf 91' lang='lat' dir='ltr'>et</span> <span class='ocrx_word' id='word_1_457' title='bbox 1176 3341 1230 3396; x_wconf 89' lang='lat' dir='ltr'>hoc</span> <span class='ocrx_word' id='word_1_458' title='bbox 1242 3341 1413 3410; x_wconf 90' lang='lat' dir='ltr'>intempore</span> <span class='ocrx_word' id='word_1_459' title='bbox 1425 3340 1563 3412; x_wconf 89' lang='lat' dir='ltr'>Stephani</span> <span class='ocrx_word' id='word_1_460' title='bbox 1580 3355 1663 3412; x_wconf 86' lang='lat' dir='ltr'>papae</span> <span class='ocrx_word' id='word_1_461' title='bbox 1678 3341 1726 3411; x_wconf 86' lang='lat' dir='ltr'>qui</span> <span class='ocrx_word' id='word_1_462' title='bbox 1740 3341 1845 3396; x_wconf 71' lang='lat' dir='ltr'>Zacca:</span> 
     </span>
     <span class='ocr_line' id='line_1_54' title="bbox 143 3422 1844 3499; baseline 0.002 -18"><span class='ocrx_word' id='word_1_463' title='bbox 143 3438 233 3494; x_wconf 79' lang='lat' dir='ltr'>usque</span> <span class='ocrx_word' id='word_1_464' title='bbox 247 3422 412 3493; x_wconf 80' lang='lat' dir='ltr'>Massiliam,</span> <span class='ocrx_word' id='word_1_465' title='bbox 429 3424 610 3480; x_wconf 89' lang='lat' dir='ltr'>Wasconiam</span> <span class='ocrx_word' id='word_1_466' title='bbox 628 3426 809 3497; x_wconf 76' lang='lat' dir='ltr'>Frigiamque</span> <span class='ocrx_word' id='word_1_467' title='bbox 824 3428 965 3483; x_wconf 90' lang='lat' dir='ltr'>contrivit</span> <span class='ocrx_word' id='word_1_468' title='bbox 1020 3428 1071 3484; x_wconf 85' lang='lat' dir='ltr'>riae</span> <span class='ocrx_word' id='word_1_469' title='bbox 1079 3433 1274 3484; x_wconf 89' lang='lat' dir='ltr'>successerat.</span> <span class='ocrx_word' id='word_1_470' title='bbox 1283 3428 1472 3484; x_wconf 85' lang='lat' dir='ltr'>Rexitaulcm</span> <span class='ocrx_word' id='word_1_471' title='bbox 1489 3433 1556 3499; x_wconf 89' lang='lat' dir='ltr'>post</span> <span class='ocrx_word' id='word_1_472' title='bbox 1572 3443 1637 3485; x_wconf 91' lang='lat' dir='ltr'>eum</span> <span class='ocrx_word' id='word_1_473' title='bbox 1653 3429 1844 3485; x_wconf 79' lang='lat' dir='ltr'>Viennensem</span> 
     </span>
     <span class='ocr_line' id='line_1_55' title="bbox 140 3511 1721 3585; baseline 0.002 -16"><span class='ocrx_word' id='word_1_474' title='bbox 140 3517 169 3569; x_wconf 92' lang='lat' dir='ltr'>et</span> <span class='ocrx_word' id='word_1_475' title='bbox 185 3511 393 3581; x_wconf 78' lang='lat' dir='ltr'>alemanniam,</span> <span class='ocrx_word' id='word_1_476' title='bbox 405 3517 436 3568; x_wconf 91' lang='lat' dir='ltr'>ut</span> <span class='ocrx_word' id='word_1_477' title='bbox 450 3512 549 3568; x_wconf 83' lang='lat' dir='ltr'>multae</span> <span class='ocrx_word' id='word_1_478' title='bbox 560 3513 693 3570; x_wconf 76' lang='lat' dir='ltr'>ecclesie</span> <span class='ocrx_word' id='word_1_479' title='bbox 707 3529 797 3585; x_wconf 83' lang='lat' dir='ltr'>usque</span> <span class='ocrx_word' id='word_1_480' title='bbox 810 3515 837 3570; x_wconf 94' lang='lat' dir='ltr'>in</span> <span class='ocrx_word' id='word_1_481' title='bbox 849 3515 965 3572; x_wconf 84' lang='lat' dir='ltr'>hoviier-</span> <span class='ocrx_word' id='word_1_482' title='bbox 1020 3516 1176 3573; x_wconf 90' lang='lat' dir='ltr'>ecclesiam</span> <span class='ocrx_word' id='word_1_483' title='bbox 1194 3515 1372 3584; x_wconf 78' lang='lat' dir='ltr'>bertericus,</span> <span class='ocrx_word' id='word_1_484' title='bbox 1384 3517 1431 3572; x_wconf 91' lang='lat' dir='ltr'>cui</span> <span class='ocrx_word' id='word_1_485' title='bbox 1448 3516 1590 3572; x_wconf 87' lang='lat' dir='ltr'>successit</span> <span class='ocrx_word' id='word_1_486' title='bbox 1604 3517 1721 3573; x_wconf 87' lang='lat' dir='ltr'>Paulus.</span> 
     </span>
     <span class='ocr_line' id='line_1_56' title="bbox 140 3599 1847 3676; baseline 0.002 -20"><span class='ocrx_word' id='word_1_487' title='bbox 140 3615 209 3657; x_wconf 92' lang='lat' dir='ltr'>num</span> <span class='ocrx_word' id='word_1_488' title='bbox 225 3601 300 3656; x_wconf 91' lang='lat' dir='ltr'>diem</span> <span class='ocrx_word' id='word_1_489' title='bbox 316 3599 528 3656; x_wconf 87' lang='lat' dir='ltr'>desolationem</span> <span class='ocrx_word' id='word_1_490' title='bbox 541 3601 586 3656; x_wconf 91' lang='lat' dir='ltr'>sui</span> <span class='ocrx_word' id='word_1_491' title='bbox 600 3602 705 3657; x_wconf 87' lang='lat' dir='ltr'>iactam</span> <span class='ocrx_word' id='word_1_492' title='bbox 718 3604 773 3658; x_wconf 93' lang='lat' dir='ltr'>sub</span> <span class='ocrx_word' id='word_1_493' title='bbox 784 3617 819 3659; x_wconf 89' lang='lat' dir='ltr'>eo</span> <span class='ocrx_word' id='word_1_494' title='bbox 834 3601 962 3675; x_wconf 84' lang='lat' dir='ltr'>lugeant,</span> <span class='ocrx_word' id='word_1_495' title='bbox 1042 3605 1198 3669; x_wconf 57' lang='lat' dir='ltr'>⁸llciuneto</span> <span class='ocrx_word' id='word_1_496' title='bbox 1216 3604 1315 3674; x_wconf 83' lang='lat' dir='ltr'>itaque</span> <span class='ocrx_word' id='word_1_497' title='bbox 1330 3618 1365 3659; x_wconf 91' lang='lat' dir='ltr'>eo</span> <span class='ocrx_word' id='word_1_498' title='bbox 1379 3609 1409 3659; x_wconf 91' lang='lat' dir='ltr'>et</span> <span class='ocrx_word' id='word_1_499' title='bbox 1425 3604 1545 3661; x_wconf 82' lang='lat' dir='ltr'>Parisiis</span> <span class='ocrx_word' id='word_1_500' title='bbox 1556 3605 1682 3676; x_wconf 89' lang='lat' dir='ltr'>sepulto,</span> <span class='ocrx_word' id='word_1_501' title='bbox 1695 3609 1725 3662; x_wconf 89' lang='lat' dir='ltr'>et</span> <span class='ocrx_word' id='word_1_502' title='bbox 1741 3604 1847 3671; x_wconf 93' lang='lat' dir='ltr'>princi-</span> 
     </span>
     <span class='ocr_line' id='line_1_57' title="bbox 140 3688 1847 3764; baseline 0.001 -18"><span class='ocrx_word' id='word_1_503' title='bbox 140 3688 381 3746; x_wconf 88' lang='lat' dir='ltr'>eltribulalicnis</span> <span class='ocrx_word' id='word_1_504' title='bbox 394 3688 486 3760; x_wconf 88' lang='lat' dir='ltr'>ipsius</span> <span class='ocrx_word' id='word_1_505' title='bbox 501 3689 697 3745; x_wconf 87' lang='lat' dir='ltr'>calamitatem</span> <span class='ocrx_word' id='word_1_506' title='bbox 714 3691 874 3748; x_wconf 88' lang='lat' dir='ltr'>obliterare</span> <span class='ocrx_word' id='word_1_507' title='bbox 889 3693 916 3747; x_wconf 93' lang='lat' dir='ltr'>iu</span> <span class='ocrx_word' id='word_1_508' title='bbox 933 3706 965 3749; x_wconf 89' lang='lat' dir='ltr'>se</span> <span class='ocrx_word' id='word_1_509' title='bbox 1017 3697 1120 3764; x_wconf 92' lang='lat' dir='ltr'>patum</span> <span class='ocrx_word' id='word_1_510' title='bbox 1140 3691 1299 3762; x_wconf 88' lang='lat' dir='ltr'>majoratus</span> <span class='ocrx_word' id='word_1_511' title='bbox 1315 3693 1418 3748; x_wconf 82' lang='lat' dir='ltr'>donnus</span> <span class='ocrx_word' id='word_1_512' title='bbox 1430 3692 1562 3763; x_wconf 86' lang='lat' dir='ltr'>Pippino,</span> <span class='ocrx_word' id='word_1_513' title='bbox 1575 3693 1666 3747; x_wconf 86' lang='lat' dir='ltr'>luntre</span> <span class='ocrx_word' id='word_1_514' title='bbox 1680 3691 1847 3764; x_wconf 87' lang='lat' dir='ltr'>spiritualia</span> 
     </span>
    </p>
   </div>
   <div class='ocr_carea' id='block_1_9' title="bbox 141 3777 966 4295">
    <p class='ocr_par' dir='ltr' id='par_1_9' title="bbox 141 3777 966 4295">
     <span class='ocr_line' id='line_1_58' title="bbox 141 3777 964 3855; baseline 0.005 -21"><span class='ocrx_word' id='word_1_515' title='bbox 141 3778 220 3834; x_wconf 91' lang='lat' dir='ltr'>nulla</span> <span class='ocrx_word' id='word_1_516' title='bbox 237 3782 384 3834; x_wconf 88' lang='lat' dir='ltr'>vetustate</span> <span class='ocrx_word' id='word_1_517' title='bbox 407 3777 594 3855; x_wconf 70' lang='lat' dir='ltr'>praevaleant.</span> <span class='ocrx_word' id='word_1_518' title='bbox 613 3778 686 3849; x_wconf 74' lang='lat' dir='ltr'>(l‘ol.</span> <span class='ocrx_word' id='word_1_519' title='bbox 705 3777 964 3851; x_wconf 63' lang='lat' dir='ltr'>britannicum</span> 
     </span>
     <span class='ocr_line' id='line_1_59' title="bbox 142 3867 966 3943; baseline 0.004 -21"><span class='ocrx_word' id='word_1_520' title='bbox 142 3867 309 3940; x_wconf 89' lang='lat' dir='ltr'>prolusione</span> <span class='ocrx_word' id='word_1_521' title='bbox 325 3867 495 3923; x_wconf 89' lang='lat' dir='ltr'>thesaurum</span> <span class='ocrx_word' id='word_1_522' title='bbox 514 3867 605 3923; x_wconf 89' lang='lat' dir='ltr'>totius</span> <span class='ocrx_word' id='word_1_523' title='bbox 622 3867 710 3923; x_wconf 87' lang='lat' dir='ltr'>erarii</span> <span class='ocrx_word' id='word_1_524' title='bbox 733 3868 842 3938; x_wconf 91' lang='lat' dir='ltr'>publici</span> <span class='ocrx_word' id='word_1_525' title='bbox 863 3869 966 3943; x_wconf 91' lang='lat' dir='ltr'>dilapi-</span> 
     </span>
     <span class='ocr_line' id='line_1_60' title="bbox 141 3955 965 4030; baseline 0.001 -17"><span class='ocrx_word' id='word_1_526' title='bbox 141 3956 227 4015; x_wconf 88' lang='lat' dir='ltr'>datus</span> <span class='ocrx_word' id='word_1_527' title='bbox 237 3962 285 4013; x_wconf 91' lang='lat' dir='ltr'>cst</span> <span class='ocrx_word' id='word_1_528' title='bbox 308 3961 386 4013; x_wconf 90' lang='lat' dir='ltr'>tanta</span> <span class='ocrx_word' id='word_1_529' title='bbox 400 3956 480 4012; x_wconf 88' lang='lat' dir='ltr'>dedit</span> <span class='ocrx_word' id='word_1_530' title='bbox 492 3955 644 4025; x_wconf 89' lang='lat' dir='ltr'>militibus,</span> <span class='ocrx_word' id='word_1_531' title='bbox 661 3970 735 4027; x_wconf 86' lang='lat' dir='ltr'>quos</span> <span class='ocrx_word' id='word_1_532' title='bbox 747 3956 893 4015; x_wconf 81' lang='lat' dir='ltr'>soldarios</span> <span class='ocrx_word' id='word_1_533' title='bbox 906 3960 965 4030; x_wconf 78' lang='lat' dir='ltr'>(n&#39;l)</span> 
     </span>
     <span class='ocr_line' id='line_1_61' title="bbox 141 4045 965 4118; baseline -0.001 -15"><span class='ocrx_word' id='word_1_534' title='bbox 141 4045 240 4103; x_wconf 89' lang='lat' dir='ltr'>vocari</span> <span class='ocrx_word' id='word_1_535' title='bbox 260 4060 322 4102; x_wconf 92' lang='lat' dir='ltr'>mos</span> <span class='ocrx_word' id='word_1_536' title='bbox 338 4045 476 4116; x_wconf 92' lang='lat' dir='ltr'>optinuit,</span> <span class='ocrx_word' id='word_1_537' title='bbox 494 4045 541 4116; x_wconf 82' lang='lat' dir='ltr'>quii</span> <span class='ocrx_word' id='word_1_538' title='bbox 557 4060 593 4101; x_wconf 84' lang='lat' dir='ltr'>ex</span> <span class='ocrx_word' id='word_1_539' title='bbox 608 4045 744 4101; x_wconf 90' lang='lat' dir='ltr'>omnibus</span> <span class='ocrx_word' id='word_1_540' title='bbox 761 4045 859 4102; x_wconf 92' lang='lat' dir='ltr'>mundi</span> <span class='ocrx_word' id='word_1_541' title='bbox 877 4047 965 4118; x_wconf 90' lang='lat' dir='ltr'>parli-</span> 
     </span>
     <span class='ocr_line' id='line_1_62' title="bbox 143 4133 965 4204; baseline 0.001 -14"><span class='ocrx_word' id='word_1_542' title='bbox 143 4133 198 4190; x_wconf 91' lang='lat' dir='ltr'>bus</span> <span class='ocrx_word' id='word_1_543' title='bbox 213 4148 299 4190; x_wconf 89' lang='lat' dir='ltr'>causa</span> <span class='ocrx_word' id='word_1_544' title='bbox 315 4139 435 4204; x_wconf 84' lang='lat' dir='ltr'>questus</span> <span class='ocrx_word' id='word_1_545' title='bbox 457 4133 491 4188; x_wconf 90' lang='lat' dir='ltr'>ad</span> <span class='ocrx_word' id='word_1_546' title='bbox 507 4147 573 4189; x_wconf 92' lang='lat' dir='ltr'>eum</span> <span class='ocrx_word' id='word_1_547' title='bbox 596 4134 823 4204; x_wconf 86' lang='lat' dir='ltr'>concurrebant,</span> <span class='ocrx_word' id='word_1_548' title='bbox 842 4149 965 4204; x_wconf 80' lang='lat' dir='ltr'>ortorum</span> 
     </span>
     <span class='ocr_line' id='line_1_63' title="bbox 142 4221 966 4295; baseline 0.001 -17"><span class='ocrx_word' id='word_1_549' title='bbox 142 4237 234 4293; x_wconf 87' lang='lat' dir='ltr'>genus</span> <span class='ocrx_word' id='word_1_550' title='bbox 249 4221 385 4277; x_wconf 73' lang='lat' dir='ltr'>infestum</span> <span class='ocrx_word' id='word_1_551' title='bbox 397 4225 427 4276; x_wconf 90' lang='lat' dir='ltr'>et</span> <span class='ocrx_word' id='word_1_552' title='bbox 438 4221 602 4291; x_wconf 91' lang='lat' dir='ltr'>improbum</span> <span class='ocrx_word' id='word_1_553' title='bbox 615 4227 745 4292; x_wconf 91' lang='lat' dir='ltr'>temporo</span> <span class='ocrx_word' id='word_1_554' title='bbox 759 4222 824 4293; x_wconf 87' lang='lat' dir='ltr'>ejus</span> <span class='ocrx_word' id='word_1_555' title='bbox 840 4224 966 4295; x_wconf 90' lang='lat' dir='ltr'>sumpsit</span> 
     </span>
    </p>
   </div>
   <div class='ocr_carea' id='block_1_10' title="bbox 1012 3780 1844 3853">
    <p class='ocr_par' dir='ltr' id='par_1_10' title="bbox 1012 3780 1844 3853">
     <span class='ocr_line' id='line_1_64' title="bbox 1012 3780 1844 3853; baseline -0.002 -16"><span class='ocrx_word' id='word_1_556' title='bbox 1012 3780 1149 3837; x_wconf 73' lang='lat' dir='ltr'>‘terrenis</span> <span class='ocrx_word' id='word_1_557' title='bbox 1160 3780 1418 3852; x_wconf 85' lang='lat' dir='ltr'>pi·aelereute,solo</span> <span class='ocrx_word' id='word_1_558' title='bbox 1428 3781 1545 3852; x_wconf 89' lang='lat' dir='ltr'>adepto,</span> <span class='ocrx_word' id='word_1_559' title='bbox 1556 3781 1742 3853; x_wconf 90' lang='lat' dir='ltr'>postmodum</span> <span class='ocrx_word' id='word_1_560' title='bbox 1756 3780 1844 3836; x_wconf 86' lang='lat' dir='ltr'>etiam</span> 
     </span>
    </p>
   </div>
   <div class='ocr_carea' id='block_1_11' title="bbox 1020 3867 1849 4293">
    <p class='ocr_par' dir='ltr' id='par_1_11' title="bbox 1020 3867 1849 4293">
     <span class='ocr_line' id='line_1_65' title="bbox 1021 3867 1845 3941; baseline -0.004 -15"><span class='ocrx_word' id='word_1_561' title='bbox 1021 3869 1122 3926; x_wconf 92' lang='lat' dir='ltr'>studio</span> <span class='ocrx_word' id='word_1_562' title='bbox 1134 3868 1360 3925; x_wconf 83' lang='lat' dir='ltr'>suoetilcvnani</span> <span class='ocrx_word' id='word_1_563' title='bbox 1371 3867 1520 3941; x_wconf 88' lang='lat' dir='ltr'>pontilicis</span> <span class='ocrx_word' id='word_1_564' title='bbox 1536 3883 1670 3939; x_wconf 87' lang='lat' dir='ltr'>assensu,</span> <span class='ocrx_word' id='word_1_565' title='bbox 1688 3873 1718 3925; x_wconf 92' lang='lat' dir='ltr'>ul</span> <span class='ocrx_word' id='word_1_566' title='bbox 1737 3869 1845 3926; x_wconf 90' lang='lat' dir='ltr'>dictum</span> 
     </span>
     <span class='ocr_line' id='line_1_66' title="bbox 1021 3955 1846 4028; baseline -0.001 -16"><span class='ocrx_word' id='word_1_567' title='bbox 1021 3963 1076 4026; x_wconf 89' lang='lat' dir='ltr'>est,</span> <span class='ocrx_word' id='word_1_568' title='bbox 1094 3957 1122 4012; x_wconf 91' lang='lat' dir='ltr'>in</span> <span class='ocrx_word' id='word_1_569' title='bbox 1137 3971 1235 4027; x_wconf 89' lang='lat' dir='ltr'>regem</span> <span class='ocrx_word' id='word_1_570' title='bbox 1252 3955 1377 4027; x_wconf 89' lang='lat' dir='ltr'>elevato,</span> <span class='ocrx_word' id='word_1_571' title='bbox 1393 3957 1470 4013; x_wconf 80' lang='lat' dir='ltr'>lieus</span> <span class='ocrx_word' id='word_1_572' title='bbox 1486 3956 1550 4028; x_wconf 90' lang='lat' dir='ltr'>pius</span> <span class='ocrx_word' id='word_1_573' title='bbox 1576 3957 1675 4012; x_wconf 90' lang='lat' dir='ltr'>multis</span> <span class='ocrx_word' id='word_1_574' title='bbox 1698 3971 1764 4013; x_wconf 90' lang='lat' dir='ltr'>eum</span> <span class='ocrx_word' id='word_1_575' title='bbox 1789 3957 1846 4013; x_wconf 90' lang='lat' dir='ltr'>sibi</span> 
     </span>
     <span class='ocr_line' id='line_1_67' title="bbox 1020 4043 1849 4115; baseline -0.004 -13"><span class='ocrx_word' id='word_1_576' title='bbox 1020 4043 1182 4115; x_wconf 84' lang='lat' dir='ltr'>obligatum</span> <span class='ocrx_word' id='word_1_577' title='bbox 1202 4044 1352 4100; x_wconf 85' lang='lat' dir='ltr'>beneflciis</span> <span class='ocrx_word' id='word_1_578' title='bbox 1368 4044 1469 4101; x_wconf 89' lang='lat' dir='ltr'>volens</span> <span class='ocrx_word' id='word_1_579' title='bbox 1485 4048 1513 4100; x_wconf 90' lang='lat' dir='ltr'>et</span> <span class='ocrx_word' id='word_1_580' title='bbox 1531 4044 1616 4101; x_wconf 91' lang='lat' dir='ltr'>ruinis</span> <span class='ocrx_word' id='word_1_581' title='bbox 1633 4044 1849 4115; x_wconf 86' lang='lat' dir='ltr'>lev·rere,uldi-</span> 
     </span>
     <span class='ocr_line' id='line_1_68' title="bbox 1021 4133 1848 4206; baseline -0.002 -14"><span class='ocrx_word' id='word_1_582' title='bbox 1021 4138 1120 4192; x_wconf 87' lang='lat' dir='ltr'>sceret</span> <span class='ocrx_word' id='word_1_583' title='bbox 1134 4147 1254 4206; x_wconf 89' lang='lat' dir='ltr'>sperare</span> <span class='ocrx_word' id='word_1_584' title='bbox 1270 4133 1299 4188; x_wconf 94' lang='lat' dir='ltr'>in</span> <span class='ocrx_word' id='word_1_585' title='bbox 1315 4134 1381 4204; x_wconf 80' lang='lat' dir='ltr'>lieo,</span> <span class='ocrx_word' id='word_1_586' title='bbox 1406 4148 1463 4190; x_wconf 91' lang='lat' dir='ltr'>non</span> <span class='ocrx_word' id='word_1_587' title='bbox 1486 4149 1663 4206; x_wconf 86' lang='lat' dir='ltr'>praesumere</span> <span class='ocrx_word' id='word_1_588' title='bbox 1688 4134 1724 4191; x_wconf 90' lang='lat' dir='ltr'>de</span> <span class='ocrx_word' id='word_1_589' title='bbox 1750 4149 1791 4205; x_wconf 89' lang='lat' dir='ltr'>se,</span> <span class='ocrx_word' id='word_1_590' title='bbox 1817 4139 1848 4191; x_wconf 89' lang='lat' dir='ltr'>et</span> 
     </span>
     <span class='ocr_line' id='line_1_69' title="bbox 1022 4221 1848 4293; baseline -0.004 -13"><span class='ocrx_word' id='word_1_591' title='bbox 1022 4228 1053 4280; x_wconf 91' lang='lat' dir='ltr'>ut</span> <span class='ocrx_word' id='word_1_592' title='bbox 1077 4221 1305 4279; x_wconf 91' lang='lat' dir='ltr'>succedentibus</span> <span class='ocrx_word' id='word_1_593' title='bbox 1328 4221 1480 4293; x_wconf 86' lang='lat' dir='ltr'>prosperis</span> <span class='ocrx_word' id='word_1_594' title='bbox 1505 4223 1714 4279; x_wconf 81' lang='lat' dir='ltr'>recordaretur</span> <span class='ocrx_word' id='word_1_595' title='bbox 1736 4221 1848 4279; x_wconf 85' lang='lat' dir='ltr'>bomini</span> 
     </span>
    </p>
   </div>
   <div class='ocr_carea' id='block_1_12' title="bbox 131 4307 1853 4827">
    <p class='ocr_par' dir='ltr' id='par_1_12' title="bbox 131 4307 1853 4827">
     <span class='ocr_line' id='line_1_70' title="bbox 145 4307 1848 4382; baseline 0.001 -18"><span class='ocrx_word' id='word_1_596' title='bbox 145 4310 273 4380; x_wconf 90' lang='lat' dir='ltr'>inicium,</span> <span class='ocrx_word' id='word_1_597' title='bbox 291 4314 323 4365; x_wconf 92' lang='lat' dir='ltr'>ut</span> <span class='ocrx_word' id='word_1_598' title='bbox 338 4323 393 4365; x_wconf 93' lang='lat' dir='ltr'>non</span> <span class='ocrx_word' id='word_1_599' title='bbox 412 4309 439 4364; x_wconf 89' lang='lat' dir='ltr'>ci</span> <span class='ocrx_word' id='word_1_600' title='bbox 460 4308 608 4364; x_wconf 77' lang='lat' dir='ltr'>suffecerit</span> <span class='ocrx_word' id='word_1_601' title='bbox 624 4310 783 4365; x_wconf 79' lang='lat' dir='ltr'>thesaurus</span> <span class='ocrx_word' id='word_1_602' title='bbox 798 4311 891 4382; x_wconf 88' lang='lat' dir='ltr'>regni,</span> <span class='ocrx_word' id='word_1_603' title='bbox 909 4307 1071 4370; x_wconf 86' lang='lat' dir='ltr'>nonDDei</span> <span class='ocrx_word' id='word_1_604' title='bbox 1096 4311 1152 4382; x_wconf 92' lang='lat' dir='ltr'>sui,</span> <span class='ocrx_word' id='word_1_605' title='bbox 1178 4325 1231 4366; x_wconf 89' lang='lat' dir='ltr'>nec</span> <span class='ocrx_word' id='word_1_606' title='bbox 1253 4308 1343 4365; x_wconf 92' lang='lat' dir='ltr'>vellet</span> <span class='ocrx_word' id='word_1_607' title='bbox 1373 4309 1481 4365; x_wconf 90' lang='lat' dir='ltr'>imitari</span> <span class='ocrx_word' id='word_1_608' title='bbox 1514 4315 1637 4381; x_wconf 88' lang='lat' dir='ltr'>patrem,</span> <span class='ocrx_word' id='word_1_609' title='bbox 1674 4325 1758 4381; x_wconf 85' lang='lat' dir='ltr'>quern</span> <span class='ocrx_word' id='word_1_610' title='bbox 1792 4325 1848 4367; x_wconf 91' lang='lat' dir='ltr'>con</span> 
     </span>
     <span class='ocr_line' id='line_1_71' title="bbox 144 4396 1849 4470; baseline -0.001 -14"><span class='ocrx_word' id='word_1_611' title='bbox 144 4396 325 4470; x_wconf 79' lang='lat' dir='ltr'>depredatio</span> <span class='ocrx_word' id='word_1_612' title='bbox 349 4397 476 4466; x_wconf 91' lang='lat' dir='ltr'>urbium,</span> <span class='ocrx_word' id='word_1_613' title='bbox 501 4411 557 4452; x_wconf 92' lang='lat' dir='ltr'>non</span> <span class='ocrx_word' id='word_1_614' title='bbox 582 4397 761 4455; x_wconf 81' lang='lat' dir='ltr'>multimodas</span> <span class='ocrx_word' id='word_1_615' title='bbox 784 4401 965 4458; x_wconf 86' lang='lat' dir='ltr'>vastationes</span> <span class='ocrx_word' id='word_1_616' title='bbox 1022 4400 1121 4458; x_wconf 87' lang='lat' dir='ltr'>stabat</span> <span class='ocrx_word' id='word_1_617' title='bbox 1146 4398 1347 4456; x_wconf 83' lang='lat' dir='ltr'>aecclesiarum</span> <span class='ocrx_word' id='word_1_618' title='bbox 1373 4398 1472 4455; x_wconf 90' lang='lat' dir='ltr'>sitisse</span> <span class='ocrx_word' id='word_1_619' title='bbox 1502 4399 1713 4468; x_wconf 81' lang='lat' dir='ltr'>contusionem,</span> <span class='ocrx_word' id='word_1_620' title='bbox 1750 4399 1849 4470; x_wconf 90' lang='lat' dir='ltr'>posito</span> 
     </span>
     <span class='ocr_line' id='line_1_72' title="bbox 144 4485 1853 4560; baseline -0.001 -15"><span class='ocrx_word' id='word_1_621' title='bbox 144 4500 300 4559; x_wconf 83' lang='lat' dir='ltr'>regnorum</span> <span class='ocrx_word' id='word_1_622' title='bbox 315 4492 493 4556; x_wconf 82' lang='lat' dir='ltr'>exterorum,</span> <span class='ocrx_word' id='word_1_623' title='bbox 510 4500 566 4542; x_wconf 94' lang='lat' dir='ltr'>non</span> <span class='ocrx_word' id='word_1_624' title='bbox 584 4485 744 4557; x_wconf 85' lang='lat' dir='ltr'>expoliatio</span> <span class='ocrx_word' id='word_1_625' title='bbox 767 4487 965 4548; x_wconf 80' lang='lat' dir='ltr'>aecclesiarum</span> <span class='ocrx_word' id='word_1_626' title='bbox 1021 4505 1056 4546; x_wconf 92' lang='lat' dir='ltr'>ec</span> <span class='ocrx_word' id='word_1_627' title='bbox 1079 4488 1156 4560; x_wconf 90' lang='lat' dir='ltr'>apud</span> <span class='ocrx_word' id='word_1_628' title='bbox 1181 4487 1404 4545; x_wconf 79' lang='lat' dir='ltr'>Aurelianorum</span> <span class='ocrx_word' id='word_1_629' title='bbox 1429 4488 1541 4559; x_wconf 91' lang='lat' dir='ltr'>urbem,</span> <span class='ocrx_word' id='word_1_630' title='bbox 1566 4487 1635 4559; x_wconf 85' lang='lat' dir='ltr'>quid</span> <span class='ocrx_word' id='word_1_631' title='bbox 1662 4500 1731 4558; x_wconf 88' lang='lat' dir='ltr'>erga</span> <span class='ocrx_word' id='word_1_632' title='bbox 1761 4488 1853 4544; x_wconf 90' lang='lat' dir='ltr'>llaro·</span> 
     </span>
     <span class='ocr_line' id='line_1_73' title="bbox 144 4575 1849 4648; baseline -0.002 -12"><span class='ocrx_word' id='word_1_633' title='bbox 144 4584 174 4636; x_wconf 88' lang='lat' dir='ltr'>et</span> <span class='ocrx_word' id='word_1_634' title='bbox 190 4575 967 4647; x_wconf 77' lang='lat' dir='ltr'>monasteriorum,nontributaprovinciarumdusus</span> <span class='ocrx_word' id='word_1_635' title='bbox 1021 4577 1081 4635; x_wconf 94' lang='lat' dir='ltr'>lum</span> <span class='ocrx_word' id='word_1_636' title='bbox 1096 4581 1243 4648; x_wconf 89' lang='lat' dir='ltr'>ageretur,</span> <span class='ocrx_word' id='word_1_637' title='bbox 1261 4591 1325 4647; x_wconf 80' lang='lat' dir='ltr'>quae</span> <span class='ocrx_word' id='word_1_638' title='bbox 1351 4576 1376 4633; x_wconf 94' lang='lat' dir='ltr'>ei</span> <span class='ocrx_word' id='word_1_639' title='bbox 1402 4590 1516 4633; x_wconf 88' lang='lat' dir='ltr'>merces</span> <span class='ocrx_word' id='word_1_640' title='bbox 1540 4580 1689 4634; x_wconf 90' lang='lat' dir='ltr'>tantorum</span> <span class='ocrx_word' id='word_1_641' title='bbox 1715 4576 1849 4635; x_wconf 87' lang='lat' dir='ltr'>laborum</span> 
     </span>
     <span class='ocr_line' id='line_1_74' title="bbox 143 4663 1850 4737; baseline -0.002 -12"><span class='ocrx_word' id='word_1_642' title='bbox 143 4673 189 4725; x_wconf 91' lang='lat' dir='ltr'>est</span> <span class='ocrx_word' id='word_1_643' title='bbox 209 4667 295 4723; x_wconf 88' lang='lat' dir='ltr'>etiam</span> <span class='ocrx_word' id='word_1_644' title='bbox 316 4664 365 4721; x_wconf 92' lang='lat' dir='ltr'>ubi</span> <span class='ocrx_word' id='word_1_645' title='bbox 388 4665 441 4721; x_wconf 92' lang='lat' dir='ltr'>hec</span> <span class='ocrx_word' id='word_1_646' title='bbox 456 4663 636 4734; x_wconf 88' lang='lat' dir='ltr'>deiecerunt,</span> <span class='ocrx_word' id='word_1_647' title='bbox 654 4672 749 4721; x_wconf 88' lang='lat' dir='ltr'>terras</span> <span class='ocrx_word' id='word_1_648' title='bbox 768 4665 966 4724; x_wconf 76' lang='lat' dir='ltr'>ecclesiarum</span> <span class='ocrx_word' id='word_1_649' title='bbox 1023 4669 1306 4737; x_wconf 87' lang='lat' dir='ltr'>recompensaretur,</span> <span class='ocrx_word' id='word_1_650' title='bbox 1315 4665 1455 4736; x_wconf 89' lang='lat' dir='ltr'>ostendit,</span> <span class='ocrx_word' id='word_1_651' title='bbox 1464 4665 1562 4722; x_wconf 92' lang='lat' dir='ltr'>nonad</span> <span class='ocrx_word' id='word_1_652' title='bbox 1572 4665 1712 4731; x_wconf 81' lang='lat' dir='ltr'>defuncti,</span> <span class='ocrx_word' id='word_1_653' title='bbox 1726 4669 1758 4723; x_wconf 92' lang='lat' dir='ltr'>ut</span> <span class='ocrx_word' id='word_1_654' title='bbox 1768 4679 1850 4723; x_wconf 90' lang='lat' dir='ltr'>vere·</span> 
     </span>
     <span class='ocr_line' id='line_1_75' title="bbox 131 4751 1844 4827; baseline 0.001 -16"><span class='ocrx_word' id='word_1_655' title='bbox 131 4754 288 4827; x_wconf 81' lang='lat' dir='ltr'>diripere,</span> <span class='ocrx_word' id='word_1_656' title='bbox 314 4758 343 4811; x_wconf 92' lang='lat' dir='ltr'>et</span> <span class='ocrx_word' id='word_1_657' title='bbox 370 4768 420 4811; x_wconf 91' lang='lat' dir='ltr'>eas</span> <span class='ocrx_word' id='word_1_658' title='bbox 448 4751 665 4810; x_wconf 92' lang='lat' dir='ltr'>comilitonibus</span> <span class='ocrx_word' id='word_1_659' title='bbox 695 4752 755 4810; x_wconf 90' lang='lat' dir='ltr'>illis</span> <span class='ocrx_word' id='word_1_660' title='bbox 779 4757 963 4813; x_wconf 89' lang='lat' dir='ltr'>contradere.</span> <span class='ocrx_word' id='word_1_661' title='bbox 1023 4753 1371 4826; x_wconf 86' lang='lat' dir='ltr'>mur,reirigeriu‘m,sed</span> <span class='ocrx_word' id='word_1_662' title='bbox 1387 4753 1423 4811; x_wconf 90' lang='lat' dir='ltr'>ad</span> <span class='ocrx_word' id='word_1_663' title='bbox 1439 4753 1844 4813; x_wconf 82' lang='lat' dir='ltr'>aedidoationemvirentium.</span> 
     </span>
    </p>
   </div>
   <div class='ocr_carea' id='block_1_13' title="bbox 180 4905 1316 5110">
    <p class='ocr_par' dir='ltr' id='par_1_13' title="bbox 180 4905 1316 5110">
     <span class='ocr_line' id='line_1_76' title="bbox 823 4905 1164 4964; baseline -0.003 -2"><span class='ocrx_word' id='word_1_664' title='bbox 823 4906 942 4964; x_wconf 78' lang='lat' dir='ltr'>vhltlAE</span> <span class='ocrx_word' id='word_1_665' title='bbox 962 4905 1164 4964; x_wconf 80' lang='lat' dir='ltr'>LECTlONES.</span> 
     </span>
     <span class='ocr_line' id='line_1_77' title="bbox 180 5035 1316 5110; baseline -0.002 -14"><span class='ocrx_word' id='word_1_666' title='bbox 180 5035 215 5072; x_wconf 81' lang='lat'>&#39;²⁸</span> <span class='ocrx_word' id='word_1_667' title='bbox 229 5038 275 5096; x_wconf 86' lang='lat' dir='ltr'>ile</span> <span class='ocrx_word' id='word_1_668' title='bbox 287 5051 311 5095; x_wconf 83' lang='lat' dir='ltr'>c.</span> <span class='ocrx_word' id='word_1_669' title='bbox 326 5036 361 5073; x_wconf 80' lang='lat'>²¹⁹</span> <span class='ocrx_word' id='word_1_670' title='bbox 374 5037 462 5095; x_wconf 83' lang='lat' dir='ltr'>Verte</span> <span class='ocrx_word' id='word_1_671' title='bbox 477 5038 514 5095; x_wconf 91' lang='lat'>111</span> <span class='ocrx_word' id='word_1_672' title='bbox 529 5035 596 5095; x_wconf 89' lang='lat' dir='ltr'>lolia</span> <span class='ocrx_word' id='word_1_673' title='bbox 612 5040 641 5094; x_wconf 90' lang='lat' dir='ltr'>et</span> <span class='ocrx_word' id='word_1_674' title='bbox 660 5035 739 5108; x_wconf 84' lang='lat' dir='ltr'>quod</span> <span class='ocrx_word' id='word_1_675' title='bbox 754 5036 801 5095; x_wconf 91' lang='lat' dir='ltr'>hic</span> <span class='ocrx_word' id='word_1_676' title='bbox 817 5035 901 5096; x_wconf 87' lang='lat' dir='ltr'>deest</span> <span class='ocrx_word' id='word_1_677' title='bbox 916 5038 1034 5110; x_wconf 87' lang='lat' dir='ltr'>require</span> <span class='ocrx_word' id='word_1_678' title='bbox 1051 5037 1106 5096; x_wconf 88' lang='lat' dir='ltr'>suh</span> <span class='ocrx_word' id='word_1_679' title='bbox 1121 5038 1175 5095; x_wconf 90' lang='lat' dir='ltr'>boe</span> <span class='ocrx_word' id='word_1_680' title='bbox 1192 5037 1277 5109; x_wconf 89' lang='lat' dir='ltr'>signo</span> <span class='ocrx_word' id='word_1_681' title='bbox 1292 5052 1316 5097; x_wconf 84' lang='lat' dir='ltr'>e.</span> 
     </span>
    </p>
   </div>
   <div class='ocr_carea' id='block_1_14' title="bbox 940 5186 1053 5246">
    <p class='ocr_par' dir='ltr' id='par_1_14' title="bbox 940 5186 1053 5246">
     <span class='ocr_line' id='line_1_78' title="bbox 940 5186 1053 5246; baseline 0.009 -1"><span class='ocrx_word' id='word_1_682' title='bbox 940 5186 1053 5246; x_wconf 79' lang='lat' dir='ltr'><strong>NOTAE.</strong></span> 
     </span>
    </p>
   </div>
   <div class='ocr_carea' id='block_1_15' title="bbox 145 5317 1636 5462">
    <p class='ocr_par' dir='ltr' id='par_1_15' title="bbox 145 5317 1636 5462">
     <span class='ocr_line' id='line_1_79' title="bbox 182 5317 1636 5396; baseline 0.003 -20"><span class='ocrx_word' id='word_1_683' title='bbox 182 5319 238 5393; x_wconf 77' lang='lat' dir='ltr'>(to)</span> <span class='ocrx_word' id='word_1_684' title='bbox 253 5319 352 5392; x_wconf 87' lang='lat' dir='ltr'>Neque</span> <span class='ocrx_word' id='word_1_685' title='bbox 368 5319 582 5390; x_wconf 82' lang='lat' dir='ltr'>childebertus,</span> <span class='ocrx_word' id='word_1_686' title='bbox 599 5333 693 5391; x_wconf 84' lang='lat' dir='ltr'>neque</span> <span class='ocrx_word' id='word_1_687' title='bbox 714 5317 898 5378; x_wconf 84' lang='lat' dir='ltr'>childericus</span> <span class='ocrx_word' id='word_1_688' title='bbox 917 5321 968 5377; x_wconf 85' lang='lat' dir='ltr'>Cn·</span> <span class='ocrx_word' id='word_1_689' title='bbox 1059 5322 1116 5391; x_wconf 77' lang='lat' dir='ltr'>(bl)</span> <span class='ocrx_word' id='word_1_690' title='bbox 1134 5324 1154 5376; x_wconf 81' lang='grc' dir='ltr'>Α</span> <span class='ocrx_word' id='word_1_691' title='bbox 1171 5320 1342 5379; x_wconf 85' lang='lat' dir='ltr'>Germanico</span> <span class='ocrx_word' id='word_1_692' title='bbox 1358 5319 1433 5393; x_wconf 81' lang='lat' dir='ltr'>sold,</span> <span class='ocrx_word' id='word_1_693' title='bbox 1446 5321 1636 5396; x_wconf 83' lang='lat' dir='ltr'>stipendium.</span> 
     </span>
     <span class='ocr_line' id='line_1_80' title="bbox 145 5389 785 5462; baseline -0.006 -13"><span class='ocrx_word' id='word_1_694' title='bbox 145 5389 202 5449; x_wconf 89' lang='lat' dir='ltr'>roli</span> <span class='ocrx_word' id='word_1_695' title='bbox 218 5395 350 5462; x_wconf 87' lang='lat' dir='ltr'>ternpore</span> <span class='ocrx_word' id='word_1_696' title='bbox 366 5390 542 5447; x_wconf 82' lang='lat' dir='ltr'>Francorum</span> <span class='ocrx_word' id='word_1_697' title='bbox 559 5404 644 5459; x_wconf 90' lang='lat' dir='ltr'>reges</span> <span class='ocrx_word' id='word_1_698' title='bbox 659 5392 785 5449; x_wconf 86' lang='lat' dir='ltr'>luerunt.</span> 
     </span>
    </p>
   </div>
   <div class='ocr_carea' id='block_1_16' title="bbox 0 0 1907 6000">
    <p class='ocr_par' dir='ltr' id='par_1_16' title="bbox 0 0 1907 6000">
     <span class='ocr_line' id='line_1_81' title="bbox 0 0 1907 6000; baseline 0 0"><span class='ocrx_word' id='word_1_699' title='bbox 0 0 1907 6000; x_wconf 95' lang='lat' dir='ltr'> </span> 
     </span>
    </p>
   </div>
  </div>
 </body>
</html>
