3788 6000
98 308 158 372 849
548 313 769 384 CHRONICA.
787 351 826 365 -
842 314 1087 394 trunorucon
1101 314 1364 379 UNIVERSALE
1627 378 1633 385 .
1744 315 1804 379 850

99 447 234 513 constat;
245 447 386 518 ceterum,
405 446 499 519 qualis
511 449 538 507 in
550 449 710 511 domestica
723 470 792 512 cura
809 454 922 520 luisset,
938 451 967 514 A
981 458 1145 511 extremum
1161 467 1198 510 ex
1220 450 1381 510 satellitum
1404 464 1524 510 numero
1541 452 1575 509 ad
1591 449 1646 511 hoc
1674 452 1802 513 ordinati

98 535 345 595 dicatum-Post
367 546 488 597 mortem
501 545 595 614 patris
613 546 779 603 cumfratre
804 560 923 615 regnum
982 544 1149 600 tuebantur.
1168 542 1237 609 Quas
1251 557 1316 600 cunr
1332 541 1537 614 putcherrimae
1552 546 1652 600 essent
1676 547 1705 600 et
1721 545 1757 600 ab
1768 558 1803 601 ee

98 627 228 698 partitus
243 630 324 684 tanta
338 630 480 700 patientia
491 633 693 691 simultateset
711 635 925 706 invidiamejus
981 630 1137 704 plurimum
1152 630 1356 703 diligerentur,
1374 632 1477 689 mirum
1495 632 1587 703 dictur,
1600 631 1677 704 quod
1693 633 1803 690 nullam

99 713 178 786 tulit,
190 721 223 772 ut
233 718 368 775 omnibus
380 719 483 777 mirum
502 721 664 795 uideretur,
685 724 762 796 quod
775 740 808 780 ne
820 725 856 781 ad
871 725 925 781 ira·
980 735 1080 778 earum
1095 720 1229 793 cuiquam
1241 725 1288 777 aut
1302 735 1421 778 suorum
1433 727 1482 778 aut
1495 727 1664 779 exterorum
1680 729 1802 794 nuptum

99 803 235 860 cundiam
255 805 371 875 quidem
384 809 419 864 ab
431 822 465 864 ee
483 813 634 881 provocari
651 813 804 884 potuisset.
817 812 924 870 Deinde
982 809 1051 866 dare
1074 808 1176 880 voluit,
1202 808 1253 866 sed
1267 823 1367 866 omnes
1392 824 1490 867 secum
1517 810 1661 881 usquead
1692 811 1803 868 obituiu

101 906 167 948 cum
191 895 293 952 matris
308 896 427 954 hortatu
452 898 539 956 aliam
556 901 696 959 Desiderii
723 904 800 973 regis
818 905 926 974 Longo·
982 913 1066 956 suum
1083 898 1112 954 in
1128 898 1212 955 donno
1227 913 1278 956 sua
1295 899 1425 970 retinuit,
1448 899 1558 971 dicens,
1576 912 1607 955 se
1623 913 1722 956 earum
1737 914 1804 956 eon·

102 981 258 1040 bardorum
271 984 403 1042 duxisset
416 1003 546 1059 uxorem,
563 997 629 1061 post
643 1006 747 1049 anuum
760 993 925 1064 repudiauit
982 986 1119 1044 tuberuio
1134 1001 1237 1044 carere
1261 1002 1318 1044 non
1335 1002 1431 1059 posse,
1449 1003 1482 1044 ae
1508 991 1628 1059 propter
1642 987 1707 1058 hoc,
1734 987 1804 1044 licet

100 1083 176 1142 eam,
192 1075 221 1127 et
239 1072 435 1143 llildigardanr
452 1076 488 1134 de
499 1083 586 1147 geute
597 1080 765 1152 Suanorum,
779 1081 926 1152 precipuae
981 1075 1054 1133 alias
1068 1075 1148 1148 felix,
1165 1075 1297 1133 aduersae
1314 1076 1437 1132 fortuna
1449 1075 1651 1145 indignitatem
1663 1079 1804 1147 expertus

102 1159 267 1216 nobilitatis
298 1162 442 1234 feminam,
460 1165 487 1219 in
513 1170 726 1225 nratriinouium
749 1169 873 1242 accepit,
891 1170 927 1225 de
981 1167 1042 1233 est3
1055 1165 1132 1235 qued
1149 1169 1244 1222 tamen
1257 1165 1296 1221 ita
1317 1164 1522 1235 dissimulavit,
1540 1164 1598 1222 acsi
1615 1163 1651 1220 de
1665 1165 1708 1221 eis
1725 1164 1803 1222 nulla

101 1261 158 1317 qua
175 1247 250 1305 illios
267 1253 339 1320 tres,
368 1253 500 1310 aarolum
517 1256 653 1312 videlicet
678 1273 710 1314 ac
724 1258 878 1330 Pippinum
896 1261 925 1313 et
982 1267 1108 1323 unquam
1124 1252 1248 1325 alicujus
1272 1255 1372 1325 probri
1389 1253 1534 1325 susspicio
1550 1258 1651 1309 exorta
1667 1254 1713 1309 uel
1730 1253 1804 1310 tama

101 1335 299 1406 Ludowicuin
331 1340 512 1412 totidemque
549 1343 633 1415 illias,
668 1347 869 1404 Rarothrudem
897 1350 927 1402 et
983 1339 1804 1413 dispersaiuisset.-Eratcialiusnomiuel‘ippinus

102 1423 238 1481 Bcrhtanr
256 1431 284 1483 et
311 1427 426 1498 Gisiarn,
442 1432 553 1499 genuit.
570 1433 675 1490 Habuit
692 1439 721 1491 et
736 1433 808 1491 alias
823 1439 883 1491 tres
897 1433 928 1488 a·
983 1431 1188 1488 exconcubina
1200 1430 1307 1500 editus,
1321 1430 1802 1502 eujusinterceteresrnentiouem

102 1512 419 1583 lias,Theoderatarnct
430 1520 592 1578 lliltrudam
603 1527 631 1578 ct
644 1523 927 1595 nuotueidem,duas
984 1517 1081 1574 iacere
1092 1518 1205 1589 distuli,
1226 1519 1299 1575 lacis
1310 1519 1425 1590 quidem
1435 1517 1567 1590 pulcher,
1583 1517 1635 1573 sed
1650 1517 1740 1587 gibbo
1756 1517 1805 1574 de·

102 1600 138 1657 de
151 1603 290 1661 Fastrada
306 1621 406 1676 uxore,
420 1623 476 1680 que
487 1608 522 1666 de
538 1610 723 1669 orientalium
740 1614 926 1674 Francorum,
984 1605 1093 1664 formis.
1112 1608 1140 1664 Is
1155 1622 1220 1664 cum
1235 1614 1319 1680 pater
1336 1607 1412 1665 bello
1428 1622 1494 1663 cunr
1509 1607 1600 1663 Hunis
1620 1607 1759 1677 suscepto
1775 1605 1802 1662 in

100 1689 216 1747 scilicet
232 1694 449 1767 Germanorum,
475 1702 562 1768 ganto
577 1705 651 1770 erat,
668 1702 788 1758 terciam
809 1701 845 1757 de
860 1716 927 1757 con·
984 1694 1115 1766 Baioaria
1140 1697 1292 1766 hiemaret,
1316 1712 1382 1753 cun
1406 1695 1578 1766 quibusdam
1594 1710 1609 1751 e
1625 1695 1803 1766 primoribus

96 1780 202 1835 cubina
230 1782 363 1852 quadam.
395 1787 534 1844 Defuncta
566 1790 716 1861 Fastrada,
742 1782 1169 1874 Luitgardamssl'rancorum,
1187 1786 1235 1858 qui
1260 1800 1325 1842 eum
1343 1800 1415 1841 vana
1442 1784 1524 1855 regni
1554 1784 1745 1856 promissione
1770 1782 1803 1838 il·

96 1865 286 1924 Alamannam
300 1870 395 1940 duxit,
413 1872 448 1928 de
464 1888 519 1944 qua
536 1873 646 1932 liberos
662 1891 718 1932 non
731 1876 841 1932 habuit.
856 1865 925 1932 Pest
982 1869 1124 1944 texerant,
1143 1875 1284 1933 adversus
1305 1878 1418 1947 patrem
1438 1873 1614 1945 conjuravit.
1632 1873 1721 1940 Quem
1737 1877 1803 1945 pest

96 1955 183 2025 curius
197 1964 319 2015 mertem
337 1965 398 2017 tres
413 1962 514 2018 habuit
531 1965 720 2033 concubinas,
734 1964 924 2022 Gersuindain
981 1959 1109 2017 fraudem
1126 1963 1271 2019 detectam
1285 1967 1315 2019 et
1326 1962 1544 2031 coniuratorum
1556 1960 1801 2032 dampnationem,

97 2045 233 2102 saxonici
259 2049 385 2120 generis,
403 2050 438 2107 de
454 2067 509 2122 qua
525 2053 552 2110 ei
569 2054 626 2111 illia
642 2055 757 2111 nomine
783 2054 923 2111 adeltrud
980 2049 1145 2120 detonsum,
1168 2051 1194 2107 in
1211 2052 1345 2108 coenobio
1369 2051 1485 2108 Prumia
1502 2049 1648 2120 religiosae
1663 2049 1731 2106 uitae
1744 2049 1802 2119 jani

96 2139 165 2190 nata
182 2138 237 2204 cst,
252 2137 406 2209 Regeuam,
429 2140 524 2209 quaeei
535 2143 717 2213 druogonem
734 2147 763 2199 et
775 2144 924 2212 augonem
980 2137 1636 2212 uolenternuacarepermisit.Factaestetalia
1648 2139 1803 2210 priuscon·

95 2222 209 2292 genuit,
223 2225 393 2282 adelindam
421 2243 546 2301 queque,
560 2245 624 2301 quse
635 2231 843 2288 Theodericum
860 2246 925 2302 pro·
981 2229 1025 2282 tra
1037 2241 1101 2284 eum
1113 2227 1141 2282 in
1153 2228 1303 2284 Germania
1316 2228 1410 2285 valida
1422 2227 1595 2297 coniuratio,
1608 2226 1692 2297 cuius
1703 2231 1803 2283 aucto·

96 2310 219 2366 creauit.
238 2343 271 2351 -
289 2313 378 2371 llater
403 2331 519 2387 queque
532 2318 596 2389 ejus
620 2318 759 2376 Bertrada
776 2320 803 2376 in
821 2333 925 2389 magno
980 2315 1142 2385 respartim
1154 2314 1313 2373 luminibus
1327 2316 1434 2383 orbati,
1444 2315 1548 2386 partim
1560 2313 1728 2384 incolomes,
1744 2329 1803 2370 em-

97 2397 176 2468 apud
193 2413 257 2455 eum
284 2402 392 2460 honere
415 2407 589 2474 consonuit;
616 2407 728 2465 colebat
759 2408 835 2466 enim
862 2421 926 2464 eam
982 2417 1033 2461 nes
1048 2408 1145 2460 tamen
1166 2401 1744 2477 exiliodeportatisunt,uequeullueex
1759 2403 1802 2460 eis

98 2500 165 2541 eum
179 2493 514 2564 magnareverentia,ita
528 2496 649 2552 utnulla
666 2511 791 2568 unquam
802 2495 926 2553 invicem
982 2492 1155 2566 interiectus
1169 2498 1226 2561 est,
1247 2493 1303 2549 nisi
1318 2497 1379 2550 tres
1401 2496 1526 2562 tanturn,
1553 2492 1681 2563 quicum
1708 2507 1749 2561 se,
1767 2505 1802 2548 ue

100 2575 139 2630 sit
153 2582 255 2635 exorta
268 2578 424 2651 discordia,
437 2583 491 2640 nisi
505 2584 533 2639 in
548 2584 675 2643 diuortio
686 2585 752 2642 aliae
762 2583 928 2654 regisbesi·
981 2581 1309 2653 comprehenderentur,
1337 2581 1451 2638 strictis
1470 2579 1576 2650 gladiis
1600 2579 1801 2649 defenderent,

99 2661 184 2734 darii,
203 2680 288 2737 quam
305 2667 353 2726 illa
370 2670 513 2728 suadente
529 2680 691 2743 acceperat.
718 2674 848 2730 Decessit
865 2676 927 2728 tan.
983 2668 1191 2740 aliquosctiam
1211 2670 1400 2738 occidissent,
1419 2669 1486 2738 quia
1497 2668 1584 2726 aliter
1598 2668 1729 2725 coerceri
1745 2683 1801 2724 nou

98 2749 164 2808 dem
176 2759 242 2826 post
256 2761 379 2814 mortem
392 2757 572 2831 Hiltigardae,
587 2776 651 2817 cum
660 2761 718 2832 jam
730 2767 792 2818 tres
804 2765 927 2833 nepotes
983 2763 1128 2830 poterant,
1142 2758 1308 2830 interempti
1319 2760 1511 2815 suntllarum
1521 2761 1616 2814 taruen
1626 2756 1803 2827 conjuratio·

101 2855 172 2899 suos
184 2843 365 2916 totidemque
375 2851 479 2920 neptes
492 2849 519 2904 iu
531 2848 581 2905 alii
594 2849 821 2908 domouidisset.
835 2849 924 2916 Quam
981 2861 1047 2902 num
1064 2847 1212 2903 Fastradac
1229 2847 1336 2918 regium
1351 2846 1511 2903 crudelitas
1522 2860 1608 2902 causa
1623 2851 1653 2903 et
1669 2846 1751 2916 origo
1762 2845 1804 2901 di·

102 2927 152 2984 ille
168 2930 194 2986 in
216 2931 318 2988 eadem
350 2936 476 3006 basylica
493 2953 548 3008 qua
563 2943 647 3010 pater
671 2940 747 2996 situs
762 2943 818 3009 eet,
848 2940 925 3011 apud
980 2935 1057 2992 citur
1072 2935 1219 3006 extitisse,
1236 2935 1385 2993 etidcirco
1400 2935 1428 2991 in
1440 2935 1581 2991 arribubus
1593 2930 1693 2990 contra
1704 2947 1801 3003 regern

98 3016 236 3076 Sanctum
252 3021 411 3080 Dionisium
441 3039 545 3096 magno
572 3027 761 3084 cumbenore
790 3028 924 3086 lecithu-
979 3023 1179 3096 conspiratum
1196 3029 1252 3093 est,
1280 3024 1346 3095 quia
1373 3023 1473 3080 uxoris
1494 3022 1663 3079 crudelitati
1681 3036 1802 3079 consen·

99 3107 172 3163 mari
184 3107 239 3165 ¹¹²⁷.
264 3112 377 3168 —Erat
407 3113 432 3171 ei
460 3114 544 3172 unica
573 3131 658 3172 soror
674 3116 788 3173 nomine
803 3117 890 3189 Gisia,
907 3133 922 3174 a
978 3113 1065 3183 tiens,
1081 3126 1096 3168 a
1113 3127 1174 3169 suae
1197 3117 1309 3169 natura>
1334 3111 1513 3183 benignitate
1529 3125 1562 3168 ae
1579 3108 1801 3167 triansuetudine

105 3195 286 3266 puellaribus
310 3200 393 3258 annis
409 3202 552 3273 religiosae
577 3205 790 3263 conversationi
819 3206 920 3263 manci·
939 3163 963 3226 C
978 3199 1133 3258 uidebatur
1144 3200 1338 3257 exorbitasse.
1352 3201 1487 3257 Ceterum
1501 3213 1553 3270 per
1565 3213 1649 3255 omne
1661 3213 1721 3256 suae
1734 3199 1801 3255 uitae

50 3283 54 3290 '
98 3285 572 3361 pata,quameimiliterutpatrem
589 3290 921 3368 magnacoluitpietate,
979 3288 1801 3363 tempusitaeumsumruoornniunramoreatquelavore

98 3384 163 3440 quae
179 3372 266 3429 ctiam
293 3376 395 3447 paucis
409 3380 476 3434 ante
503 3379 615 3436 obitum
631 3379 711 3437 illius
735 3381 827 3452 annis,
843 3381 872 3437 in
887 3396 921 3439 eo
978 3379 1055 3437 demi
1070 3383 1100 3435 et
1115 3378 1186 3436 loris
1205 3382 1399 3436 conversatus
1413 3383 1470 3447 est,
1494 3381 1526 3432 ut
1551 3388 1698 3447 nunquam
1712 3375 1738 3430 ei
1755 3375 1801 3430 vel

97 3473 156 3529 quo
171 3468 342 3520 conuersata
355 3467 401 3520 est
413 3468 590 3524 monasterio
606 3468 743 3526 decessit.
756 3501 790 3510 -
802 3470 920 3527 Liberos
976 3467 1092 3524 minima
1104 3467 1220 3538 injustae
1231 3465 1419 3524 credulitatis
1434 3470 1500 3520 neta
1512 3478 1527 3519 a
1540 3477 1684 3534 quoquam
1697 3463 1800 3520 luisset

98 3561 170 3628 suos
180 3547 220 3605 ita
232 3551 345 3608 consuit
358 3552 564 3626 instituendos,
578 3561 609 3613 ut
620 3560 680 3614 tam
692 3556 743 3613 alii
756 3572 839 3628 quam
854 3558 919 3616 llliae
976 3553 1102 3625 objecta.
1121 3554 1242 3611 amabat
1266 3553 1438 3626 peregrinos
1453 3556 1482 3607 et
1498 3552 1525 3606 in
1540 3551 1583 3606 cis
1605 3549 1801 3621 suscipiendis

99 3633 193 3707 primo
215 3636 389 3698 liberalibus
411 3642 525 3712 studiis,
543 3645 650 3715 quibus
670 3650 699 3702 et
714 3646 777 3717 ipse
802 3660 919 3719 operam
977 3655 1109 3714 magnam
1124 3642 1249 3698 babebat
1266 3655 1376 3710 curam,
1393 3639 1467 3697 adeo
1485 3643 1514 3695 nt
1532 3653 1630 3695 eorum
1643 3637 1801 3694 multitudo

96 3722 198 3795 dabat,
213 3727 412 3799 erudirentur,
443 3731 683 3804 tumalies,eum
709 3734 830 3805 primum
847 3738 919 3793 aetas
977 3730 1141 3788 nonsolum
1167 3730 1286 3804 palatio,
1306 3728 1510 3788 verumetiam
1527 3743 1686 3798 regnonon
1705 3727 1802 3783 inume-

96 3811 277 3884 patiebatur,
289 3830 369 3873 more
380 3817 555 3875 Francorum
566 3821 708 3891 equitare,
723 3822 812 3879 arinis
825 3837 858 3879 ac
873 3837 921 3880 ve·
978 3818 1035 3876 rito
1045 3818 1197 3876 uideretur
1207 3819 1413 3890 enerosa.lpse
1425 3821 1519 3879 tamen
1530 3831 1591 3887 prae
1602 3815 1800 3885 nragnitudine

93 3897 918 3981 natibusexereerifeeit,aliasverolaneacioassuescere‚
977 3907 1063 3964 animi
1075 3906 1274 3978 huiuscemodi
1291 3904 1472 3977 pondere¹¹¹⁰
1483 3905 1798 3975 miniuicgrauabatur,

91 3985 257 4056 coloqueae
269 3990 387 4062 iusque
398 4006 449 4062 per
463 3993 553 4050 etium
567 3998 729 4067 torperent,
744 3998 921 4068 operamim·
977 4011 1042 4054 cum
1050 3994 1274 4066 etiamiugentia
1282 3993 1463 4051 incommoda
1473 3993 1557 4049 laude
1568 3991 1756 4048 liberalitatis
1766 4008 1799 4048 aaa

92 4073 232 4146 pendere,
245 4081 334 4149 atque
345 4080 381 4136 ad
392 4094 505 4138 omnem
518 4082 918 4156 honestatemerudirijussit.
977 4084 1061 4142 benc
1077 4084 1159 4140 lamae
1180 4080 1313 4139 mercede
1328 4083 1542 4152 compensaret.
1553 4111 1585 4122 -
1603 4081 1730 4150 Corpore
1747 4079 1800 4136 luit

93 4162 137 4217 Ex
153 4161 199 4219 his
213 4165 349 4224 omnibus
363 4167 437 4225 duos
455 4172 569 4227 tantum
586 4170 661 4228 alios
675 4175 702 4228 et
720 4186 805 4229 unam
820 4173 919 4242 aliam,
976 4171 1073 4245 amplo
1085 4176 1173 4242 atque
1184 4171 1317 4240 robusto,
1335 4171 1449 4227 statura
1459 4166 1609 4239 eminenti,
1627 4182 1691 4239 quae
1704 4173 1798 4223 tamen

93 4249 265 4322 priusquam
282 4261 456 4327 moreretur,
476 4258 585 4327 amisit,
601 4260 746 4332 Karelum,
765 4262 812 4333 qui
829 4262 920 4333 maier
976 4275 1032 4316 uon
1043 4258 1240 4317 excederet-
1250 4272 1313 4315 narn
1326 4263 1437 4330 septem
1449 4272 1568 4315 suorum
1581 4255 1687 4328 peduur
1698 4271 1799 4327 procc-

91 4341 249 4408 natuerat‚
264 4342 561 4417 etPippiuum,quem
573 4363 671 4418 regem
682 4349 774 4408 ltaliae
789 4352 919 4422 preteee.
977 4348 1092 4405 ritatem
1109 4347 1173 4418 eius
1192 4352 1310 4405 coastat
1334 4346 1473 4405 habuisse
1487 4359 1652 4404 mensuram
1667 4375 1699 4386 —
1716 4344 1798 4417 apiae

91 4430 151 4497 rat,
169 4431 199 4483 et
215 4430 425 4503 Ruethrudem,
439 4448 503 4504 quae
514 4434 637 4493 aliarum
650 4437 713 4508 ejus
725 4439 917 4509 primogenita
976 4436 1083 4509 capitis
1106 4436 1243 4507 retundo,
1268 4435 1361 4494 oeulis
1385 4434 1598 4508 pregrandibus
1621 4448 1655 4491 ac
1674 4434 1796 4505 vegetis,

90 4521 123 4573 et
139 4518 356 4576 aconstantiuo
372 4521 529 4579 Grecorum
546 4524 730 4597 imperatore,
744 4527 803 4583 illio
816 4528 918 4585 leonis
933 4523 960 4583 D
977 4540 1046 4584 naso
1059 4524 1209 4598 paululum
1225 4524 1252 4581 in
1265 4524 1498 4582 mediocritatem
1509 4523 1674 4595 excedenti,
1685 4524 1798 4581 canicie

90 4608 121 4662 et
145 4605 258 4677 hyrene
281 4607 374 4664 iuerat
403 4608 590 4681 desponsata.
624 4613 750 4679 Quorum
778 4616 918 4689 l’ippinus
975 4615 1108 4689 pulchra,
1125 4613 1197 4672 iacis
1213 4613 1282 4674 laeta
1296 4620 1326 4672 et
1340 4613 1444 4688 hylari,
1465 4614 1541 4672 uude
1557 4614 1655 4670 iormae
1671 4613 1798 4670 auetori-

91 4708 181 4751 uuum
198 4694 287 4753 alium
299 4697 510 4770 Bernhardum,
529 4700 601 4758 alias
617 4707 712 4760 autem
731 4705 859 4777 quinque
871 4721 918 4762 su-
974 4711 1020 4762 tas
1034 4719 1068 4763 ac
1079 4703 1207 4775 dignitas
1217 4707 1276 4761 tam
1289 4703 1378 4761 stanti
1391 4717 1476 4777 quam
1488 4701 1600 4761 sedenti
1614 4701 1736 4774 plurima
1752 4717 1798 4757 ac·

92 4781 234 4854 perstites
255 4782 386 4855 reliquit,
402 4785 430 4841 in
444 4786 611 4857 quibusrex
621 4789 740 4862 pietatis
754 4807 814 4849 suae
826 4795 918 4865 preci·
973 4794 1156 4866 quirebatur.
1179 4793 1347 4864 Quanquam
1370 4792 1446 4850 enim
1461 4791 1561 4849 cervix
1576 4789 1665 4846 obesa
1688 4793 1719 4846 et
1733 4789 1797 4847 bre·

90 4885 181 4943 puum
207 4870 413 4931 documentum
439 4876 579 4946 ostendit,
596 4893 661 4934 cunr
687 4885 823 4952 nepotem
840 4887 915 4955 patri
974 4880 1548 4954 vioruenterqueuidereturprojectior,
1566 4883 1662 4934 tamen
1674 4877 1736 4935 hacc
1750 4893 1797 4935 ce-

91 4957 252 5015 euccedere
269 4963 299 5016 et
315 4966 419 5034 neptes
432 4963 509 5019 inter
525 4964 599 5021 alias
615 4981 682 5024 suas
694 4968 812 5024 educari
831 4970 912 5027 lecit.
974 4976 1103 5029 tororum
1130 4971 1325 5028 membrorum
1350 4968 1465 5027 celabat
1487 4966 1651 5039 equalitas.
1677 4966 1796 5025 incessu

93 5044 233 5103 filiorum
246 5061 279 5106 ac
294 5048 418 5107 tiliarum
430 5055 540 5108 tantam
552 5052 597 5087 ¹¹²⁸
612 5055 639 5110 in
657 5055 808 5114 educando
818 5073 916 5115 curam
973 5064 1036 5118 erat
1052 5059 1144 5130 armo,
1163 5057 1427 5130 totaqueeerporis
1441 5052 1712 5125 habitudineuirili,
1725 5069 1795 5111 voce

88 5131 205 5195 habuit.
219 5137 485 5207 utuunquamdomi
497 5139 609 5210 positus
621 5141 684 5198 sine
697 5142 915 5216 ipsiseoeuaret,
972 5148 1051 5206 clara
1063 5148 1189 5220 quidem,
1211 5146 1263 5204 sed
1280 5161 1343 5219 quae
1362 5145 1457 5204 minus
1468 5142 1602 5217 corperis
1615 5143 1714 5201 lormae
1728 5157 1796 5200 con-

89 5235 240 5292 uunquam
257 5223 313 5282 iter
338 5224 400 5283 sius
417 5225 475 5284 illis
503 5228 622 5286 iaceret.
657 5232 873 5305 adequitabant
889 5236 916 5292 ei
973 5231 1794 5309 ueniret,valitudineprospera,preterquodantequain

89 5308 156 5379 alii,
174 5309 240 5369 alia
257 5326 327 5370 uero
344 5329 418 5387 pone
441 5317 650 5391 sequebantur,
668 5336 789 5393 quarum
814 5337 916 5395 agmen
973 5324 1132 5386 decederet
1143 5338 1194 5399 per
1205 5328 1332 5397 quatuor
1343 5337 1436 5383 annos
1446 5323 1553 5382 crebro
1564 5321 1696 5380 febribus
1705 5319 1798 5378 cerri·

768 5483 887 5544 l’altlAE
906 5487 1110 5547 LECTIONES.

130 5605 177 5641 ¹¹¹⁷
193 5608 314 5670 humare
328 5625 404 5672 corr.
420 5612 531 5672 humari
549 5619 577 5676 ι.
608 5614 654 5650 ¹²¹⁸
668 5619 779 5679 tantum
795 5619 884 5690 (mar.
899 5621 1040 5694 tautamt)
1057 5625 1093 5686 l.
1110 5621 1220 5682 tautum
1235 5625 1277 5679 bs.
1296 5618 1343 5679 ιθ.
1359 5618 1415 5680 El.
1444 5615 1492 5658 ¹¹²·
1505 5633 1594 5680 onere
1608 5622 1637 5673 ι.
