3788 5992
61 218 121 288 nde
507 217 722 282 cunamen
740 248 779 263 --
795 205 1036 279 CHRONIGON
1060 210 1332 277 UNIVERSALE.
1705 207 1764 276 9Ἱο

61 359 152 418 sionis
167 362 297 428 vocatas,
315 355 379 413 alia
390 370 421 412 se
434 354 586 426 quibusvis
598 349 886 410 incommoditatibus
900 365 929 422 Α
944 363 1006 402 ιιιιιι
1020 347 1152 418 pastibus
1163 348 1471 418 vigilabanteivitatis
1482 363 1513 404 se
1526 349 1651 419 sper-iem
1662 363 1763 406 innare

61 449 96 505 ad
116 448 184 504 talia
200 454 267 503 vota
284 445 449 516 corripulsos
468 444 634 498 late-bantur
647 460 654 508 ;
667 455 767 510 magna
780 439 885 509 quippe
944 436 1065 506 vidisse,
1082 432 1213 494 diversas
1228 438 1316 494 ctiam
1329 439 1430 494 turbas
1442 437 1568 493 diversis
1578 439 1612 493 ad
1624 451 1686 492 eam
1700 454 1763 509 par·

63 552 132 610 pars
149 551 249 592 eorum
264 550 329 591 cum
346 532 521 601 conringihus
535 545 568 586 ac
583 529 665 600 prole
678 533 796 597 totaque
808 540 838 580 re
848 526 888 580 la·
944 524 1023 578 tibus
1038 532 1095 580 tam
1110 525 1239 595 equestri
1253 540 1336 595 quam
1350 524 1477 597 pedestri
1491 525 1595 580 itinere
1607 540 1764 596 properan-

62 624 169 680 miliari
182 624 280 680 onusti
294 621 567 694 proficiscebantur.
579 617 777 673 Orientalibus
791 617 887 670 nutem
945 616 989 667 tes
1003 614 1200 685 perspexisse.
1217 613 1352 670 Nonnulli
1368 613 1455 668 etiam
1471 613 1568 670 crucis
1583 613 1764 683 signaculum

64 713 195 783 Francis,
214 712 377 768 saxonibus
391 716 421 765 et
444 707 607 777 Tlnuingis,
625 704 765 775 bajoariis
779 708 808 758 et
824 702 890 757 hla-
945 702 1060 758 sibimet
1077 703 1104 757 in
1123 703 1267 760 frontibus
1281 703 1326 760 vel
1344 703 1471 760 restibus
1494 703 1555 758 sive
1581 702 1608 758 in
1634 700 1764 772 quolibet

65 801 178 857 mannis
192 801 254 857 hac
270 800 374 855 bucina
390 798 506 853 minime
527 794 664 863 insonuit,
682 796 802 865 propter
817 787 888 845 illud
944 790 1767 862 eor·p0rislocodivinitusimpressumostendebaut‚ipso·

65 890 190 948 maxime
206 889 312 945 scisma
329 887 405 957 qnod
423 887 498 940 inter
515 898 633 953 regnum
650 887 677 937 ct
692 879 887 937 sacerdotium
945 895 1001 949 quc
1016 895 1047 935 se
1062 881 1198 950 stigmate
1215 880 1250 935 nd
1265 880 1386 936 candem
1412 880 1520 935 Domini
1546 878 1677 935 militium
1703 894 1766 950 pre·

64 996 78 1036 a
96 990 227 1050 tempore
238 975 393 1031 Alexandri
406 989 487 1046 pnpae
505 987 596 1043 usque
608 971 761 1026 hodietam
773 983 825 1023 nus
836 968 890 1021 llo·
946 970 1075 1040 scriptos
1091 969 1310 1025 eredebant-1
1317 976 1372 1025 tem
1389 967 1453 1024 aliis
1467 969 1565 1024 suldta
1585 968 1690 1023 nitentis
1707 982 1767 1024 mn·

67 1067 159 1124 ruanis
175 1080 258 1137 quarn
274 1062 514 1120 Romanosnobis
526 1061 635 1116 invisos
646 1061 674 1114 et
688 1054 887 1124 insestesjmn,
944 1059 1055 1114 tatione
1070 1058 1252 1128 cernpunctis
1268 1057 1313 1113 vel
1337 1058 1449 1114 visione
1473 1064 1614 1113 nocturna
1640 1058 1765 1126 eductis,

67 1157 124 1212 heu
138 1157 144 1210 !
157 1152 352 1211 confirmavit.
365 1151 433 1206 lnde
444 1154 487 1206 est
500 1150 577 1219 qnod
586 1147 679 1205 omnis
687 1160 758 1218 pene
766 1142 890 1215 populus
946 1147 1045 1218 predia
1058 1161 1164 1217 resque
1177 1147 1506 1203 familiaresdistrahere
1513 1145 1684 1216 signumque
1692 1161 1767 1201 ιιιοι-

65 1243 264 1299 Theutonicns
280 1242 307 1295 in
321 1238 464 1311 principio
476 1235 761 1309 protectionishujns
772 1244 889 1288 causam
946 1237 1114 1292 titicatioms
1125 1236 1256 1292 vestibus
1267 1250 1387 1291 assuere
1400 1234 1510 1307 placuit
1524 1239 1572 1300 ;ct
1583 1235 1610 1290 in
1620 1236 1665 1290 his
1675 1235 1766 1290 omni·
1780 1225 1785 1235 '

64 1334 247 1403 ignorantes,
265 1344 317 1402 per
333 1335 440 1384 terram
453 1343 534 1383 suum
551 1325 792 1381 transeuntestol
802 1321 890 1390 legio·
947 1326 1000 1380 bus
1013 1325 1088 1380 ultra
1099 1340 1184 1394 quam
1195 1323 1274 1380 credi
1285 1329 1382 1395 petest
1394 1326 1565 1381 catervatim
1577 1325 1767 1382 currentibus

66 1435 117 1477 nes
133 1419 277 1490 equitum,
295 1422 337 1472 tot
352 1421 466 1472 turmas
483 1416 612 1486 prditum
630 1419 730 1483 totquc
754 1415 890 1467 catervas
946 1412 1138 1469 adaeeelcsias
1150 1412 1273 1484 populis,
1288 1428 1361 1469 novo
1374 1412 1431 1468 ritu
1444 1413 1628 1482 gladioseum
1640 1413 1765 1470 testibus

67 1507 273 1574 ruricolarum,
291 1505 460 1560 seminarum
477 1519 510 1559 ae
526 1501 724 1572 parvulorum,
742 1499 826 1569 quasi
849 1498 891 1553 in·
946 1501 1492 1572 eteapsellissacerdotalisbenedictio
1504 1501 1764 1572 dispertivitQuid

67 1596 165 1653 audita
179 1594 308 1651 stulticia
321 1593 477 1648 delirante·
491 1591 719 1658 subsannabant,
729 1592 830 1659 utpote
841 1603 890 1659 quj
947 1591 1080 1660 reseram,
1097 1592 1278 1662 temporibus
1294 1590 1365 1662 ipsis
1381 1589 1531 1647 mulierem
1543 1591 1685 1661 quandam
1698 1592 1768 1648 duo-

70 1700 123 1756 pro
135 1684 345 1740 certisincerta
359 1685 523 1751 captantes,
534 1676 890 1735 terrarunativitatisvaue
947 1681 1000 1736 hus
1011 1680 1094 1736 antris
1106 1680 1254 1735 continuis
1267 1680 1485 1750 impregnatam,
1499 1681 1674 1751 tandemque
1690 1681 1768 1736 diru-

69 1774 280 1843 relinquerrnt,
294 1776 401 1825 terram
414 1768 650 1840 repromissionis
660 1767 798 1824 incertam
808 1771 889 1820 certo
904 1746 932 1806 Β
947 1775 996 1840 pte
1009 1774 1101 1838 utero,
1114 1768 1203 1824 illium
1215 1767 1381 1838 loquentem
1394 1769 1504 1825 fudisse
1517 1783 1524 1837 ;
1538 1769 1664 1838 itemque
1677 1769 1768 1824 intan-

68 1861 237 1918 discrimino
262 1865 444 1931 appeterent,
471 1856 675 1913 renunciarent
702 1854 891 1911 tacultatibus
947 1858 1038 1915 tulum
1056 1873 1108 1943 per
1122 1858 1216 1914 onmia
1233 1859 1431 1929 bimembrem,
1448 1861 1572 1919 alterurn
1588 1880 1657 1921 vcro
1672 1867 1769 1938 capite

68 1949 208 2022 propriis,
218 1949 363 2004 inhiarent
374 1947 487 2002 alienis.
501 1946 555 2001 Sed
568 1943 700 2015 quamvis
713 1949 893 2012 nustragens
947 1947 1025 2016 binc,
1043 1946 1174 2017 agnellos
1190 1962 1303 2018 quoque
1312 1947 1424 2018 aliquos
1440 1949 1515 2007 hiuis
1526 1953 1673 2023 capitibus
1683 1968 1768 2012 exor-

69 2039 187 2095 certeris
205 2035 296 2092 multo
307 2037 345 2092 sil
357 2035 538 2105 insolentior,
552 2038 689 2105 respectu
703 2039 797 2088 tamen
809 2031 893 2085 mise·
947 2044 995 2094 tos
1012 2037 1116 2101 tuisse;
1134 2035 1229 2106 pullos
1244 2037 1331 2092 etiam
1356 2052 1496 2109 equarum
1513 2041 1616 2099 dentes
1631 2045 1766 2118 majores,

70 2126 193 2183 rationis
209 2124 313 2181 divinar
330 2124 487 2179 inclinatur
502 2123 619 2178 tandem
644 2122 679 2178 ad
703 2120 748 2154 ¹⁶²⁶
772 2119 893 2175 verbum

68 2216 202 2286 eiusdem
221 2212 450 2270 renunciationis
471 2212 553 2268 turer
566 2211 771 2276 Theutonicus,
786 2224 801 2264 a
817 2223 895 2265 com·

72 2304 229 2361 meantium
246 2302 360 2358 scilicet
377 2301 542 2358 turbisrern
555 2301 589 2357 ad
604 2300 748 2370 integrum
759 2299 893 2360 edoctus.

102 2396 249 2451 Praeterea
283 2392 397 2460 siguum
431 2391 459 2445 in
495 2390 558 2446 sole
589 2389 666 2461 quod
699 2388 894 2461 prescriptum

67 2488 112 2540 cst
130 2483 204 2554 (286)
219 2481 313 2537 visum
331 2479 389 2551 (uu.
409 2479 500 2551 totid),
521 2479 671 2550 multaque
697 2493 760 2549 quae
784 2484 844 2534 tam
865 2479 894 2535 in

949 2141 1021 2197 quos
1044 2125 1166 2195 equinos
1181 2125 1267 2194 vulgo
1292 2126 1472 2197 appellamus
1497 2144 1628 2201 quosque
1652 2137 1769 2193 nonnisi

947 2214 1043 2270 trimis
1059 2213 1182 2270 caballis
1198 2218 1300 2269 natura
1316 2215 1460 2286 covrccdit,
1477 2216 1504 2272 in
1522 2217 1586 2288 ipso
1602 2225 1687 2291 partu
1704 2238 1769 2294 pro-

950 2303 1073 2360 tulisse?

984 2392 1034 2448 llis
1049 2399 1079 2447 et
1094 2391 1261 2461 hujusmodi
1277 2391 1368 2460 signis
1382 2396 1445 2449 tota
1460 2400 1595 2452 creatura
1612 2398 1638 2453 in
1651 2400 1769 2457 Creato-

950 2483 1031 2539 risse
1044 2480 1175 2536 militiam
1186 2480 1371 2551 cohortante,
1384 2481 1423 2536 nil
1431 2485 1766 2561 moraturinimicnsille,

66 2586 135 2629 aere
147 2568 269 2642 quamin
282 2569 373 2624 terris
384 2573 522 2640 portenta
534 2566 896 2640 apparueruntmdhupus·
950 2571 1066 2629 caeteris
1082 2569 1170 2625 etiam
1185 2569 1398 2626 dormientibus
1415 2585 1530 2644 semper
1547 2577 1679 2648 pervigil,
1694 2580 1768 2636 bono

68 2660 145 2717 modi
160 2658 305 2715 exercicia
319 2672 375 2714 non
389 2670 497 2728 paucos
509 2661 595 2713 antea
606 2650 896 2729 torpidosexcitave'
950 2660 991 2716 illi
1009 2658 1110 2715 semini
1125 2658 1235 2713 zizania
1260 2673 1311 2715 sua
1328 2662 1572 2733 superseminare,
1591 2666 1771 2739 psendopro-

68 2755 146 2808 runt.
163 2751 184 2804 E
196 2746 411 2818 quibusaliqua
423 2747 468 2802 hic
481 2745 615 2803 interseri
629 2746 897 2809 duximnsutilissi,
951 2747 1771 2820 phetassuscitare‚1l0minicisexercitibustalsostratres

69 2853 157 2906 mum,
174 2840 280 2893 cuneta
296 2849 367 2890 vero
384 2834 594 2903 longissimum.
613 2836 681 2891 b'arn
698 2839 726 2890 et
739 2849 897 2890 noscente.
950 2842 978 2892 et
995 2837 1164 2892 inhonestas
1186 2835 1299 2891 terninei
1324 2851 1411 2894 sexus
1434 2852 1574 2910 personas
1596 2844 1650 2898 suh
1672 2847 1770 2917 specie

71 2933 130 2982 rem
145 2925 173 2980 in
191 2925 274 2995 plaga
291 2923 449 2979 meridiana
467 2929 592 2979 stantem
606 2939 749 2994 suumque
761 2925 897 2996 splendo·
953 2924 1102 2993 religionis
1118 2923 1321 2978 intermiscere
1335 2943 1342 2991 ;
1359 2926 1460 2996 sicque
1478 2943 1529 2998 per
1543 2929 1666 2988 aliorum
1683 2934 1773 3007 hypo·

71 3028 131 3070 rem
147 3014 175 3069 in
190 3012 341 3083 cbllquum
356 3012 444 3081 gladii
472 3028 551 3068 more
577 3012 798 3084 pretendentem
826 3017 893 3069 tune

950 3011 1771 3093 crisinatquemendacia,peratiorumverunetariaspal-

68 3103 147 3160 circa
163 3103 258 3158 Nonas
274 3102 410 3157 Octobris
426 3101 570 3165 vidimus;
587 3115 661 3156 anim
679 3116 747 3156 vcro
759 3101 895 3172 posthaec
912 3096 936 3159 C
951 3101 1078 3157 latiores
1095 3100 1201 3155 Christi
1216 3114 1321 3170 greges
1336 3102 1408 3159 adeo
1424 3106 1629 3175 turpabantur,
1643 3114 1673 3165 nt
1687 3109 1770 3179 juxta

73 3189 165 3247 tercio
179 3189 293 3247 stellam
309 3189 393 3245 uliam
408 3189 436 3243 in
451 3189 565 3244 oriente
586 3189 679 3245 locum
705 3205 788 3245 suum
809 3189 895 3258 longo

73 3278 234 3335 interstitio
251 3277 375 3333 saltibus
392 3283 550 3332 mutantem
564 3283 581 3332 6
595 3279 657 3333 llal.
675 3276 756 3333 blart.
773 3276 817 3311 ¹⁶²⁷
829 3291 897 3333 con·

73 3368 222 3438 speximus
235 3366 295 3436 (aa.
308 3367 399 3437 tortili)
413 3382 419 3431 ;
433 3367 896 3436 nubesquoquesanguineastarn

74 3456 110 3510 ab
126 3455 278 3512 occidente
294 3468 378 3524 quam
393 3455 551 3510 abonentc
563 3460 719 3523 surgentes
729 3454 844 3524 sibique
857 3454 898 3509 in·

73 3544 165 3599 vicem
182 3544 209 3599 in
220 3542 283 3599 caeli
298 3548 400 3598 centro
412 3547 642 3608 concurrentcs;
656 3557 831 3613 rursumque
842 3555 899 3597 ιιιο-

74 3632 132 3687 diis
148 3632 207 3687 lere
224 3631 359 3687 noctibus
375 3647 390 3686 a
407 3631 607 3702 septentrione
634 3631 734 3700 igneos
756 3644 899 3700 exnrgere

75 3721 249 3792 splendores
262 3738 268 3785 ;
283 3720 453 3791 plerumque
465 3721 551 3775 etium
565 3718 674 3776 incidas
687 3735 900 3792 peraeremvo.

76 3811 197 3865 litantes
214 3809 323 3864 vidisse
341 3824 403 3878 nus,
424 3809 549 3864 testilms
568 3809 714 3880 plerisque
729 3815 901 3883 corrrprobu·

953 3190 1017 3245 honi
1031 3188 1159 3260 pastoris
1170 3189 1338 3245 vaticinium
1349 3191 1435 3246 etiarn
1447 3192 1532 3248 electi
1545 3194 1708 3253 inerrurern
1721 3198 1772 3257 du-

952 3280 1090 3332 cerentur
1106 3275 1225 3344 (Malta.
1242 3291 1317 3343 xxiv,
1335 3280 1390 3347 bt).
1417 3279 1485 3335 lnde
1511 3282 1673 3341 fabulosum
1699 3286 1769 3344 illud

952 3366 1108 3421 confictum
1125 3369 1170 3420 est
1185 3364 1220 3419 de
1235 3364 1339 3421 ltarolo
1355 3367 1455 3436 llagnu
1467 3371 1549 3438 qnasi
1560 3371 1595 3427 de
1608 3375 1731 3431 mortuis
1743 3377 1772 3432 in

954 3452 982 3508 id
998 3451 1094 3523 ipsum
1107 3453 1285 3508 resuscitato
1297 3458 1327 3508 et
1337 3452 1393 3509 alio
1405 3457 1504 3512 nescio
1517 3473 1573 3528 quo
1585 3460 1772 3520 nihilominus

955 3542 1096 3610 redivivo,
1113 3541 1249 3599 tribulum
1264 3557 1380 3613 quoque
1391 3543 1460 3599 illud
1472 3547 1618 3605 deauserc
1630 3552 1712 3620 quasi
1725 3553 1774 3608 do·

955 3632 1058 3687 minam
1076 3645 1158 3687 suain
1174 3630 1346 3702 deducente,
1363 3634 1512 3705 multaque
1527 3637 1555 3693 id
1569 3654 1670 3707 genus.
1696 3642 1774 3700 ldem

955 3725 1050 3776 tamen
1074 3720 1254 3787 seductores,
1278 3721 1519 3789 quemadmodum
1544 3727 1649 3795 singuli
1674 3730 1774 3789 suisa

957 3808 1776 3892 hvrctibnssintcogniti,quomudoveslesubovinalupi

77 3913 150 3954 urus.
170 3899 229 3953 b'on
247 3897 337 3953 multo
354 3898 483 3952 antehos
495 3912 585 3952 arvitus
597 3898 712 3967 qnidam
725 3901 900 3957 venerahilis

77 3986 146 4041 vitae
172 3985 327 4056 presbiter,
344 3985 457 4040 nomine
482 3985 649 4056 suiggerus,
667 3986 817 4056 cujusdam
842 3989 899 4044 diei
956 3988 1024 4041 snut
1041 3983 1111 4038 licet
1126 3988 1158 4038 ut
1173 3980 1216 4013 ¹⁶²⁸
1234 3983 1459 4053 perquiruntur;
1477 3987 1589 4043 scilicet
1606 4005 1663 4061 quo
1687 4001 1774 4064 portu

77 4075 149 4129 hora
162 4074 222 4129 tere
233 4086 306 4128 uuna
317 4073 390 4129 duos
399 4073 512 4143 equites
524 4075 677 4144 conspexit
688 4084 900 4134 concurrentes
953 4072 1036 4142 juxta
1051 4069 1226 4142 promissum
1241 4083 1325 4124 suum
1341 4073 1450 4141 absque
1466 4074 1581 4144 navigio
1594 4092 1671 4134 mare
1684 4085 1777 4138 trans-

78 4163 108 4217 in
124 4175 202 4232 aere,
219 4159 327 4231 diuque
343 4166 560 4230 concertantes,
575 4160 710 4232 alterum,
727 4162 775 4233 qui
791 4169 821 4219 et
836 4180 901 4222 cru·
957 4161 1054 4230 ierint,
1068 4159 1173 4230 quibus
1185 4158 1293 4230 praeliis
1304 4159 1775 4239 vellocisurultospaganosparva

78 4262 142 4307 cem
153 4264 210 4305 non
222 4249 363 4304 modicam
376 4249 496 4320 terebat,
506 4263 561 4319 qua
574 4251 899 4324 percuterevidebatur,
957 4263 1043 4305 uranu
1055 4247 1224 4315 straverint,
1239 4261 1310 4317 quas
1320 4262 1420 4304 eorum
1432 4250 1608 4310 munitiones
1618 4253 1777 4329 ilicocepe-

79 4337 211 4394 inaltcro
223 4337 364 4394 victorem
376 4337 630 4393 exister·c.Eodcm
641 4341 812 4410 temporeG.
822 4355 902 4412 pres·
958 4339 1028 4407 rint,
1043 4352 1135 4408 quave
1152 4339 1300 4406 postremo
1316 4342 1398 4409 parte
1423 4353 1571 4395 murorum
1597 4343 1776 4402 Hierusalem

79 4426 167 4490 hilm,
184 4426 232 4497 qni
248 4440 324 4482 nunc
339 4427 393 4482 suh
408 4426 576 4482 monachica
599 4427 780 4497 professione
805 4430 902 4486 nohis·
916 4449 944 4512 D
959 4432 1055 4483 castra
1068 4425 1385 4497 posnc1·int,etcaetera
1399 4445 1406 4493 ;
1419 4427 1778 4504 nihilquehahentssquid

78 4530 145 4572 cum
159 4529 212 4586 pro
225 4514 425 4586 primogenitis
435 4515 507 4570 asini
523 4515 903 4589 (and.xrrr,13)dehitum
960 4515 1166 4585 respondeant,
1184 4520 1241 4569 tam
1256 4514 1291 4570 dc
1306 4515 1509 4574 oblationibus
1525 4518 1652 4577 tidelium
1668 4523 1778 4595 perhy-

79 4604 197 4660 ovinum
215 4602 329 4660 Christo
345 4602 497 4674 persolvit,
518 4603 587 4660 hora
604 4605 727 4675 quadam
744 4606 902 4663 meridiana
960 4602 1087 4675 poerisin
1105 4602 1251 4674 susceptis
1267 4617 1352 4674 quam
1370 4604 1405 4662 de
1417 4606 1496 4662 cesis
1511 4608 1548 4664 oh
1562 4609 1691 4681 rapinam
1708 4625 1779 4682 quas

80 4706 147 4750 cum
158 4691 273 4748 dnobus
284 4691 440 4748 comitibus
450 4693 476 4746 in
489 4693 767 4764 silvadeamhnlans,
775 4694 904 4765 gladium
960 4690 1138 4748 seduxerant
1155 4691 1259 4760 turbis,
1276 4693 1453 4764 propriaque
1467 4695 1591 4752 maxims
1606 4696 1652 4730 ¹⁸¹⁹
1663 4704 1780 4770 aposta·

80 4780 164 4837 miras
177 4780 369 4849 longitudinis
381 4781 458 4836 venti
470 4781 623 4850 vertigine,
637 4781 766 4850 ignotum
778 4784 854 4840 unde
866 4783 905 4839 le·
960 4779 1012 4850 siu,
1028 4793 1148 4836 necesse
1162 4786 1207 4836 ost
1225 4784 1256 4836 nt
1271 4782 1472 4851 poenitentiam
1487 4797 1573 4853 agere
1586 4791 1737 4856 cogantur.

80 4874 212 4940 veretur,
225 4869 253 4925 in
265 4869 389 4927 sublime
402 4869 509 4926 deterri
522 4870 640 4940 vidit,rt
652 4873 904 4942 quousquevisum
995 4867 1076 4938 Nam,
1094 4872 1125 4923 ut
1140 4865 1315 4939 prelibatum
1331 4873 1375 4925 est
1399 4868 1484 4939 (287),
1500 4870 1584 4941 plebs
1599 4871 1780 4935 l'olcmarum

80 4957 209 5016 altitudo
221 4959 340 5028 celaret,
355 4965 412 5015 tatu
425 4960 569 5029 fragorem
582 4960 702 5017 auribus
713 4975 797 5032 qnam
806 4963 906 5019 metal-
960 4973 1014 5031 per
1026 4961 1171 5017 boemiam
1188 4972 1323 5030 sequens,
1335 4973 1400 5015 cum
1416 4957 1492 5030 apud
1504 4959 1613 5017 Nitram
1625 4962 1781 5024 Pannonia

81 5046 143 5105 lun
159 5046 417 5106 oeulisdiscrevit.
436 5048 613 5106 heterebant
625 5049 715 5121 aliqui
729 5049 777 5121 qui
790 5053 819 5108 in
831 5066 920 5122 equo.
945 5054 1097 5117 civitatem
1113 5051 1259 5110 seditione
1283 5048 1444 5119 concitata,
1463 5049 1571 5122 partim
1595 5053 1779 5129 captivitate,

766 5179 882 5236 vhltlAE
902 5181 1102 5242 tEdTlONltS.

120 5282 199 5339 ¹⁶2⁸i.
216 5282 290 5341 ade.
309 5298 385 5342 corr.
402 5287 427 5341 t.
467 5282 570 5340 ¹⁸¹lvl.
589 5284 631 5341 ld.
648 5287 698 5342 ιιι.
715 5299 860 5361 separor.
878 5294 902 5346 t.
942 5288 989 5325 ¹⁶²⁸
1002 5301 1148 5363 capuam.
1166 5290 1191 5341 t.
1231 5282 1414 5340 ¹⁸”nnaxima
1431 5296 1505 5343 corr.
1524 5284 1686 5346 maximet.

877 5411 990 5476 noran.

960 5515 1036 5591 (28⁷)
1051 5512 1144 5589 Supra
1158 5525 1184 5569 a.
1199 5509 1279 5570 tone.

956 3898 1015 3953 sint
1031 3895 1172 3962 denotati,
1186 3892 1212 3947 hi
1227 3895 1379 3963 potissime
1392 3898 1440 3966 qui
1452 3915 1488 3953 ex
1500 3899 1557 3955 illis
1569 3900 1662 3959 adhuc
1674 3919 1776 3978 snper·

120 5506 195 5582 (286)
211 5507 305 5582 Supra
320 5523 346 5565 a.
362 5511 440 5566 roso.

245 5604 377 5670 Parnon.
394 5604 500 5669 CLIV.
