3788 6000
127 242 185 308 727
705 236 949 306 numanum
968 234 1252 306 URAUGOENSIS
1773 235 1835 303 “1¹8

127 381 239 440 nariam
253 379 355 441 dieunt
369 381 466 454 (Paua.
482 381 561 439 urae.
579 395 599 453 r,
612 384 639 438 a.
658 380 697 439 Gt.
714 396 739 438 c.
757 380 794 452 t),
810 379 892 451 quasi
908 379 948 438 ol·
963 379 991 440 Α
1007 379 1180 437 ilarsianum
1196 376 1347 447 dilatatur,
1360 389 1455 448 usque
1467 374 1503 435 ad
1514 373 1677 434 Danubium
1694 377 1838 436 montem·

127 472 210 531 ticina
225 471 364 543 gentium,
382 474 432 528 aut
446 476 528 529 certe
541 471 623 528 velut
636 486 652 527 e
667 471 769 540 vagina
788 471 946 539 nationum,
1007 484 1063 540 que
1078 471 1212 531 Taurum,
1225 484 1280 526 non
1294 469 1374 527 illurn
1387 468 1461 525 asiae
1472 467 1523 523 sed
1534 467 1684 539 proprian
1697 468 1835 539 Scythia,

127 561 251 620 divorsae
267 562 402 618 nationes
415 574 543 628 egressae
559 566 638 626 sunt,
653 560 732 625 Dani,
746 561 823 630 naci,
837 560 947 630 ileruli,
1007 574 1182 633 peromnem
1195 559 1329 617 lleotidis
1340 558 1490 621 ambitum,
1505 559 1589 626 cujus
1600 555 1717 629 paludis
1729 557 1836 616 circui·

126 651 210 722 Rugl,
220 649 388 720 turcilingi,
399 649 614 718 wandali,Wln
629 648 704 720 hqni
715 654 745 705 et
755 648 947 719 tonyonami,
1004 648 1098 709 tus⁷⁷¹
1109 655 1153 708 est
1169 664 1306 719 passuum
1322 648 1400 705 mille
1415 652 1530 704 centnm
1547 649 1591 712 ta,
1609 661 1751 716 nusquam
1765 654 1835 706 octo

126 745 156 798 et
172 737 200 796 hi
217 740 265 810 qui
288 743 388 810 postea
410 736 632 808 Burgundiones
652 737 721 795 dicti
742 743 821 807 sunt,
838 743 868 794 et
884 736 949 795 aliae
1006 741 1114 799 canitis
1130 739 1220 796 ultius
1234 738 1426 796 subsidentis.
1440 738 1470 793 in
1483 751 1538 808 qua
1554 737 1670 808 Scythia
1688 737 1780 809 prima
1798 739 1835 795 ah

127 828 225 886 multae
237 829 370 885 barbarae
381 827 525 883 nationes.
544 826 651 898 tiana.)
667 828 705 883 Ex
721 827 820 884 eadem
834 840 950 900 quoque
1005 830 1296 899 occidentegensest
1307 827 1560 898 Gepidorumqnae
1574 827 1835 900 magnisopinatis·

125 933 190 977 eum
205 931 274 988 rege
288 931 340 974 suo
357 917 471 974 nomine
492 915 595 973 Berich
615 915 710 986 Gothi,
729 917 776 988 qui
792 922 822 976 et
837 917 948 990 Gethae,
1007 934 1063 992 que
1080 919 1207 976 ambitur
1232 918 1409 983 hominihus,
1424 913 1614 972 introrsusm
1635 917 1783 985 natiaest,
1799 918 1833 976 ad

125 1006 267 1080 quondam
288 1011 485 1063 memorantur
506 1006 618 1075 egressi
638 1020 703 1062 cum
723 1007 818 1064 trihus
839 1012 949 1064 tantum
1006 1025 1122 1068 coronae
1137 1009 1265 1081 speciem
1281 1008 1382 1064 arduis
1399 1004 1521 1077 Alpibus
1536 1006 1681 1072 emunita;
1696 1006 1764 1063 dein
1782 1021 1834 1080 per

125 1096 256 1154 navibus.
271 1094 324 1152 Sed
338 1094 385 1166 qui
400 1096 426 1150 in
440 1109 494 1152 nna
507 1100 589 1152 erant
602 1096 903 1166 navi,aliqnantnlnm
914 1095 950 1132 ”⁸
1007 1100 1146 1156 immensa
1167 1099 1262 1170 spatia
1282 1097 1468 1153 venetiarum
1484 1094 1564 1151 natio
1582 1095 1720 1166 populosa
1738 1097 1834 1154 consi·

127 1188 158 1243 ut
176 1185 238 1242 lieri
258 1186 344 1256 solet,
365 1185 520 1250 tardiores,
537 1201 601 1242 enm
623 1185 696 1243 aiios
713 1186 795 1256 sequi
814 1201 869 1243 non
888 1200 952 1257 pos·
1007 1189 1067 1258 det,
1081 1204 1201 1258 quarum
1213 1188 1326 1244 nomina
1338 1187 1492 1245 lieetnuue
1503 1186 1658 1256 pervarias
1670 1186 1834 1244 larniliaset

128 1279 203 1347 sent,
219 1275 247 1331 in
259 1266 402 1347 quandam
417 1274 538 1332 vistulae
555 1275 681 1333 ilumtnis
696 1274 819 1330 insulam
835 1275 953 1332 venien·
1007 1277 1068 1336 lora
1087 1283 1246 1347 mutentur,
1264 1276 1466 1349 principantur
1483 1279 1540 1331 tam
1562 1291 1577 1332 n
1595 1275 1728 1333 Sclaveni
1746 1278 1834 1334 nomi·

126 1370 173 1425 tes
185 1379 338 1437 quousque
349 1366 485 1422 meliores
497 1365 660 1421 invenirent
672 1365 769 1436 aedae,
783 1367 821 1422 ihi
836 1367 952 1423 resede-
1007 1373 1124 1424 nantnr.
1150 1368 1244 1423 Prima
1270 1381 1340 1422 vcro
1357 1366 1466 1421 mansio
1489 1365 1645 1421 Gothorum
1661 1366 1689 1420 in
1707 1365 1833 1436 Scythias

127 1461 207 1525 runt,
230 1470 392 1524 numenque
418 1455 496 1526 genti
517 1470 552 1512 ex
571 1455 712 1511 tarditate
734 1470 785 1512 suna
806 1455 951 1513 dederunt
1007 1455 1069 1511 solo
1082 1455 1134 1510 init
1144 1455 1226 1522 juxta
1244 1453 1377 1522 paludem
1394 1452 1556 1519 identidem,
1572 1451 1697 1509 secunda
1711 1453 1739 1508 in
1752 1454 1833 1511 llisia

128 1543 236 1615 (Iota,
252 1561 277 1602 e.
297 1545 341 1615 17)
361 1545 430 1600 Nam
452 1544 549 1614 lingua
570 1559 668 1601 eorum
685 1545 804 1617 pirr'tia
821 1546 949 1615 Gepanta
1007 1544 1205 1613 Traciaqneet
1217 1543 1308 1605 ltalia,
1322 1542 1413 1598 tercia
1425 1557 1513 1611 snpra
1528 1542 1780 1599 nareronrcum.
1798 1543 1833 1600 Et

128 1634 247 1701 dicitur,
264 1635 385 1705 ipannc
395 1648 467 1701 gens
479 1639 577 1702 postea
594 1634 732 1703 pau¹atim
744 1635 885 1705 corrupto
901 1650 951 1691 no·
1008 1632 1074 1689 dnm
1088 1633 1115 1688 in
1128 1633 1219 1702 prima
1231 1631 1390 1697 sedcjuxta
1404 1630 1555 1687 Meotidem
1574 1630 1751 1688 habitarent.
1770 1629 1834 1686 rili-

128 1724 204 1779 minc
215 1738 248 1778 en
260 1723 332 1778 vitio
346 1722 494 1779 tarditatis
508 1723 681 1794 Gepislornm
699 1722 871 1780 vocabulum
889 1738 992 1802 sor-13
1009 1736 1114 1777 merem
1130 1736 1224 1785 rerem
1237 1719 1412 1781 haimcrnnt,
1426 1720 1453 1775 in
1464 1720 1601 1776 secunda.
1613 1719 1639 1775 id
1651 1725 1695 1775 est
1706 1720 1734 1774 in
1745 1719 1834 1778 ldisiae

128 1813 211 1868 titur.
225 1812 306 1878 Quod
318 1813 410 1882 ipsum
420 1826 472 1869 nec
482 1811 571 1867 credo
583 1811 784 1876 salsissimum
797 1815 863 1868 sunt
873 1812 949 1868 enim

130 1900 246 1970 ingenio
260 1900 405 1957 tardiores
415 1903 444 1955 et
456 1899 610 1957 velocitate
621 1915 774 1972 corporum
786 1901 947 1970 graviores.

129 1991 171 2061 (C.
185 1992 290 2061 isqq.)
308 1989 362 2045 nlii
381 2003 448 2047 reru
464 1989 512 2060 qui
526 1988 552 2044 in
566 1988 678 2046 duahus
693 1995 778 2045 erant
794 2004 857 2045 mox
870 1990 951 2046 ntei-

129 2079 269 2137 teriorem
290 2078 389 2135 orrcani
406 2078 498 2150 ripam
514 2078 686 2149 attigerunt,
704 2093 806 2135 nomen
824 2078 887 2136 ioco
903 2078 951 2135 do·

128 2167 246 2227 derunt.
259 2167 307 2238 qui
320 2167 474 2238 hodieque,
488 2171 517 2223 ut
532 2168 634 2231 lentur,
650 2167 852 2224 Gothiscanaia
868 2181 952 2224 voea-

129 2259 187 2313 tur.
203 2256 271 2313 inde
282 2271 342 2312 mox
354 2260 566 2328 promoventes,
578 2256 613 2311 ad
624 2256 844 2325 Ulmerugorum
856 2257 949 2319 sedes,

130 2344 179 2415 qui
201 2347 270 2401 tunc
293 2344 392 2401 oceani
417 2345 494 2417 ripas
518 2344 700 2413 insuerent,
727 2351 825 2402 eastra
850 2345 951 2402 metati

1007 1810 1211 1878 maetuqnoet
1221 1807 1391 1873 anticato,
1402 1807 1661 1878 zalmoxenqnem
1672 1809 1754 1866 mirae
1765 1809 1834 1881 phy·

1008 1898 1148 1970 losephiae
1167 1904 1197 1954 et
1215 1897 1390 1955 eruditionis
1410 1898 1498 1953 luisse
1517 1901 1675 1954 testantur.
1696 1896 1833 1969 Plerique

1007 1992 1104 2046 autom
1125 1988 1286 2058 scriptores
1306 1987 1451 2044 annalium
1472 1987 1590 2044 tradunt
1611 2002 1663 2043 eos
1682 1986 1764 2058 prins
1784 1986 1834 2043 ha·

1007 2077 1105 2135 baisse
1117 2076 1296 2133 eruditorum
1306 2077 1433 2141 zeutem,
1445 2079 1545 2145 postea
1556 2075 1716 2138 dicineum,
1728 2075 1777 2144 qui
1787 2089 1834 2132 re·

1007 2167 1050 2222 nit
1061 2166 1096 2221 ad
1109 2180 1160 2222 eos
1172 2180 1205 2222 ra
1218 2171 1349 2236 tempore
1360 2180 1417 2233 quo
1429 2165 1504 2235 syna
1521 2166 1650 2221 ilomano
1664 2163 1833 2235 principatu

1006 2257 1120 2329 potitus
1134 2259 1190 2317 est,
1207 2259 1274 2324 post
1288 2255 1434 2310 hreinenm
1452 2251 1588 2309 hainnisse
1602 2253 1765 2324 sapientem
1783 2254 1835 2309 co

1007 2345 1159 2410 musicum,
1173 2344 1220 2414 qni
1234 2347 1355 2414 propter
1367 2357 1448 2398 snam
1463 2341 1599 2412 periciam
1610 2345 1640 2397 et
1653 2356 1704 2399 rex
1716 2341 1775 2398 iilis
1786 2341 1834 2398 ha·

130 2436 208 2502 sunt,
229 2445 350 2503 eosque,
372 2433 528 2488 commisso
547 2432 649 2505 praelio
683 2433 809 2503 propriis
831 2433 951 2491 sedihns
1008 2433 1129 2490 iteretur
1143 2435 1171 2489 ct
1189 2431 1328 2501 pontilex,
1346 2435 1481 2499 quartum
1494 2446 1562 2486 vcra
1575 2431 1712 2486 hahuisse
1725 2429 1833 2487 Zalmo-

38 2565 40 2568 >
130 2520 625 2593 expulerunt,vicinosqneeurum
646 2519 953 2579 Wandalostunesu-
1007 2518 1834 2588 xen.Necdcltrerurntquicossapicntiaerudirent;unde

130 2608 751 2680 bjugantes,suisvictoriisapplicavernnt.
766 2609 950 2681 uolnerum,
1007 2613 1037 2664 et
1061 2622 1135 2679 pene
1157 2605 1192 2640 '⁷³
1212 2607 1346 2664 omnibus
1371 2605 1505 2662 harharis
1528 2606 1611 2662 Gothi
1637 2605 1835 2676 sapientiores

131 2711 233 2767 magna
245 2697 344 2769 populi
358 2699 569 2754 numerositate
580 2702 744 2765 crescente,
762 2699 881 2768 quintus
893 2699 952 2769 iam
1008 2698 1187 2754 exst²terunt
1209 2696 1366 2764 Grecisqnc
1388 2710 1460 2766 pene
1482 2694 1602 2759 similes,
1620 2699 1651 2752 ut
1667 2696 1759 2752 retem
1772 2697 1835 2766 Dio,

132 2798 205 2856 pene
225 2800 275 2842 rex
297 2789 363 2857 post
382 2786 482 2843 Bericlr
504 2787 654 2855 regnabat,
677 2786 802 2855 Filimer,
819 2787 952 2844 Gadarici
1010 2786 1057 2857 qni
1074 2785 1221 2858 hystorias
1235 2784 1411 2854 annalesque
1423 2799 1521 2841 eorum
1535 2784 1626 2840 Greco
1639 2783 1709 2840 stilo
1721 2798 1836 2856 compo·

131 2873 224 2942 Magni
246 2872 332 2945 lilius,
353 2875 505 2933 eonsilium
527 2875 618 2946 dedit,
635 2880 666 2931 ut
681 2890 744 2932 enm
762 2875 878 2932 familiis
893 2876 955 2935 suis
1009 2871 1836 2943 snit;quietiamdiciteosprimumlarnhostaos,deinde

131 2962 291 3021 Gothorum
304 2963 371 3020 inde
381 2962 415 2998 ⁷⁸⁷
429 2968 611 3034 promoveret
624 2964 783 3021 exercitus.
797 2964 849 3031 Qui
864 2965 954 3037 aptis·
1009 2962 1151 3019 Pilleatos
1162 2961 1309 3018 vocitasse
1321 2961 1431 3033 hosqni
1444 2962 1519 3018 inter
1529 2975 1581 3018 eos
1592 2959 1728 3029 generosi
1740 2965 1837 3018 eusta-

131 3049 219 3108 simas
234 3050 319 3108 sedes
332 3051 455 3123 locaque
466 3052 533 3109 dum
546 3058 683 3123 quereret
696 3067 835 3123 congrua,
853 3068 955 3125 pervc-
969 3098 994 3162 C
1010 3052 1079 3108 hant
1090 3049 1134 3119 ⁷⁷⁶,
1148 3066 1184 3107 cx
1199 3050 1306 3121 quihus
1321 3065 1406 3118 repes
1419 3056 1450 3108 et
1464 3049 1633 3107 sacerdotes
1648 3048 1703 3107 sihi
1720 3050 1837 3107 ordina-

132 3138 762 3212 nitadScythiaetcrras‚ouaelinqnaeorum
775 3139 954 3199 Ovim⁷⁸⁸ro=
1010 3140 1089 3196 hant.
1117 3138 1196 3196 Adeo
1216 3153 1286 3207 erqo
1306 3137 1416 3196 laudati
1434 3140 1514 3195 tuere
1530 3137 1639 3205 Gethe,
1655 3142 1688 3194 ut
1703 3138 1835 3208 Martem,

132 3227 284 3284 eahantnr.
299 3232 304 3243 '
322 3229 348 3284 hi
359 3227 635 3299 delectatusmagna
646 3230 952 3300 auertateregionurn,
1010 3244 1093 3301 quern
1104 3236 1255 3300 poetarum
1266 3228 1378 3286 tellaria
1389 3229 1473 3286 deum
1485 3226 1836 3300 hellipronunciat‚apud

133 3329 185 3387 per
205 3320 320 3387 pontem
342 3318 523 3389 transposuit
538 3317 699 3376 exercitum
716 3317 792 3375 ultra
810 3319 953 3389 quendam
1009 3316 1487 3389 seducerenttuisscprogenitmn.
1501 3316 1580 3373 Unde
1592 3315 1834 3385 diuitllirgilius:

133 3402 262 3460 durium.
290 3405 443 3463 lledistatc
468 3409 565 3462 autem
589 3405 739 3463 exereitus
763 3407 951 3479 transposita,
1046 3406 1269 3476 Gradivumque
1280 3407 1397 3477 patrem
1412 3406 1524 3465 eoricus
1534 3406 1589 3476 qai
1594 3404 1732 3476 presidet
1740 3405 1834 3462 cralo.

134 3505 218 3563 pons,
234 3491 283 3550 ubi
295 3505 407 3549 amnem
419 3493 586 3564 trajecerat,
602 3493 712 3552 dicitur
723 3493 955 3566 irreparabiliter
1009 3494 1099 3562 Quem
1115 3495 1234 3551 Martem
1250 3495 1334 3550 Gothi
1356 3508 1472 3566 semper
1495 3493 1654 3566 asperrima
1681 3493 1837 3564 placavere

132 3579 290 3651 corruisse,
309 3595 361 3639 nee
378 3580 501 3640 ulterius
518 3582 599 3641 licuit
611 3584 669 3655 jam
685 3582 772 3641 alicui
787 3584 830 3641 ire
845 3590 896 3641 aut
912 3600 957 3643 re·
1009 3583 1135 3650 cultura,
1148 3583 1567 3654 scilieetmortccaptinorum,
1579 3582 1736 3654 opinantes
1748 3580 1838 3640 bello·

135 3667 207 3725 dire.
220 3670 289 3726 Nam
299 3684 324 3725 ns
334 3669 426 3734 locus,
438 3676 470 3728 ut
481 3671 581 3740 iertur,
597 3671 729 3729 tremulis
741 3672 896 3744 paludihus
908 3689 956 3731 vo·
1009 3687 1072 3730 rum
1082 3671 1229 3744 presulem
1240 3678 1308 3744 apte
1318 3670 1485 3728 ”lhumano
1496 3671 1636 3740 sanguine
1650 3671 1834 3742 placandum.

135 3756 234 3826 ragina
246 3757 433 3829 circumjecta
444 3759 643 3825 conciuditur,
658 3775 742 3830 quem
755 3766 878 3832 utraque
889 3778 956 3819 con·
1010 3761 1069 3817 liae
1086 3761 1183 3831 itaque
1198 3761 1266 3817 sede
1284 3761 1466 3817 morantibus
1485 3759 1595 3830 Gothis,
1611 3759 1658 3831 qui
1676 3763 1706 3816 et
1721 3759 1836 3830 Scytha

135 3845 357 3904 lusionenatura
367 3847 861 3921 redditimperviumtierumtameu
870 3850 956 3910 hodie
1010 3847 1081 3906 dicti
1095 3855 1173 3919 sunt,
1185 3850 1310 3907 vesoces
1322 3865 1372 3906 rex
1383 3848 1508 3922 AEgypti,
1521 3850 1569 3920 qni
1579 3849 1711 3920 regnavit
1721 3854 1838 3906 euteru-

134 3931 233 3991 illicet
242 3937 641 3996 roeesarmentorumaudiri
651 3939 719 3995 etin
733 3940 796 3997 dcta
809 3940 955 3998 herluinum
1011 3951 1082 4010 pure
1103 3953 1159 4009 quo
1179 3939 1333 3996 sosarmus
1349 3939 1503 4011 imperavit
1522 3939 1649 4010 Assyriis
1664 3943 1695 3995 ct
1711 3936 1836 3996 inachus

108 4056 110 4060 ,
133 4020 723 4097 deprehendi,commeantiumattestatio,
733 4027 956 4099 quamvisiunge
1011 4026 1279 4096 Sycioniiquollum
1293 4028 1403 4099 primus
1416 4027 1512 4084 intulit
1524 4028 1545 4085 G
1556 4026 1757 4098 .this,qnibus
1769 4032 1837 4085 tune

134 4112 324 4184 audientium,
340 4114 415 4171 solet
427 4116 591 4187 perhibere.
605 4116 637 4172 lli
649 4131 729 4188 erqo,
743 4117 790 4188 qui
802 4118 879 4189 apud
892 4118 956 4174 Fili·
1010 4122 1073 4175 erat
1084 4117 1294 4187 usnimands,
1306 4118 1354 4189 qui
1364 4118 1457 4174 eidem
1467 4130 1764 4188 occorrcnseumque
1774 4131 1838 4189 yra-

134 4214 194 4258 mar
208 4200 345 4260 dicuntur
357 4203 384 4260 in
396 4211 493 4261 terras
505 4204 585 4261 Orirn
597 4218 715 4262 emenso
727 4219 809 4262 amne
823 4211 957 4278 transpo·
1010 4206 1087 4263 riter
1098 4204 1259 4278 denellans,
1272 4221 1365 4277 nsque
1378 4206 1403 4262 in
1414 4206 1565 4277 AEgyptum
1579 4206 1691 4273 turpavit
1704 4205 1805 4274 (Onus.
1817 4222 1836 4276 n,

133 4288 193 4360 siti,
214 4295 316 4364 optato
335 4292 420 4363 potiti
442 4291 516 4361 solo,
532 4292 601 4351 iiico
616 4292 652 4350 ad
668 4298 785 4365 gentem
803 4293 954 4366 spalorum
1012 4297 1066 4367 li),
1091 4294 1264 4353 destitutum
1287 4295 1450 4352 exer-citum
1475 4294 1586 4352 invadit
1599 4292 1644 4366 ⁷¹⁸,
1663 4307 1837 4367 omnemque

133 4377 302 4447 adveniunt,
331 4383 527 4452 consertoque
550 4381 662 4454 praelio,
689 4381 840 4439 victoriam
865 4383 956 4455 adipi·
1012 4382 1080 4439 belli
1095 4388 1267 4455 apparatum
1279 4384 1419 4454 capessit,
1431 4396 1464 4440 ac
1477 4387 1567 4440 totam
1581 4381 1739 4455 AEqyptum
1754 4382 1837 4440 dera-

134 4471 267 4521 scuntur.
284 4467 394 4523 Exinde
416 4469 473 4539 jaun
498 4467 580 4526 velut
598 4470 728 4528 uictores
743 4472 777 4526 ad
794 4475 954 4528 extremam
969 4461 998 4525 D
1012 4476 1132 4540 stasset,
1145 4471 1168 4528 si
1182 4471 1632 4543 paludesNiiinonobstitissent.
1648 4469 1835 4530 indereversi

134 4552 260 4625 scythim
276 4559 388 4626 partem
404 4571 469 4628 quae
484 4557 576 4614 Ponto
592 4559 661 4614 anari
678 4559 773 4616 vicina
784 4563 840 4630 est,
854 4575 956 4633 prope·
1013 4560 1107 4629 Gothi,
1124 4574 1237 4616 orrrnem
1254 4575 1326 4633 pene
1338 4560 1445 4630 haiam,
1458 4561 1724 4619 induitiscaedihus
1735 4560 1836 4633 perdo

134 4645 210 4711 rant,
223 4644 504 4713 quemadmodumet
514 4646 542 4702 in
553 4647 766 4718 prisciseorum
778 4649 957 4706 carrninihus
1012 4648 1121 4717 auitam,
1136 4648 1309 4719 vectigalem
1327 4649 1468 4719 lecerunt,
1486 4649 1534 4706 uhi
1551 4663 1603 4722 per
1618 4653 1651 4706 ta
1666 4663 1762 4706 annos
1777 4648 1835 4706 siue

135 4730 956 4806 penehystoricorituincommuneaeiehratur,ethhla·

134 4832 209 4889 vaus,
227 4816 392 4892 descriptor
411 4821 570 4880 Gothorum
585 4823 683 4894 gentis
701 4825 848 4895 egregius,
865 4825 956 4881 ueris·
1012 4831 1162 4894 vocantur,
1180 4824 1427 4894 denunciantium,
1443 4825 1473 4882 ni
1489 4825 1621 4895 redeant,
1632 4838 1692 4881 sea
1706 4824 1834 4881 tinitimia

134 4905 206 4965 sima
227 4912 356 4966 testatur
377 4911 522 4983 hystoria;
544 4911 573 4969 iu
594 4927 679 4986 quam
696 4913 871 4971 sententiam
887 4928 956 4971 non·
1011 4913 1140 4971 sobolem
1152 4913 1330 4986 quesituras.
1349 4914 1480 4980 (tonum.
1494 4915 1532 4986 7.)
1548 4914 1716 4970 Hoeautem
1728 4912 1832 4986 spatio,

134 4995 955 5075 nutticouseuseremajorumeosqnescythasappellara
1012 5018 1068 5077 quo
1083 5002 1138 5059 riri
1154 5002 1325 5061 commorati
1337 5008 1405 5060 sunt
1421 5003 1448 5059 in
1465 5003 1543 5074 dsra,
1561 5003 1674 5061 lomina
1689 5003 1831 5062 illoruma

133 5094 319 5146 consuerunt.
333 5088 450 5161 Scythia
462 5088 607 5162 siquidem
618 5088 653 5125 ⁷⁶⁸
663 5089 955 5150 Germaniaconnnrs
1010 5091 1105 5150 vicina
1118 5089 1241 5164 quadam
1252 5095 1338 5163 gente
1349 5089 1678 5164 temptanturiopreda;
1691 5090 1831 5150 asdillaea

133 5178 192 5244 ost,
208 5178 329 5234 cotenus
340 5177 390 5234 uhi
400 5177 520 5236 isteriii
530 5178 635 5237 tluviua
649 5179 745 5237 oritur
758 5178 805 5236 vel
819 5183 954 5250 stagnum
1011 5180 1281 5250 urrissulsedoetae‚
1291 5179 1523 5252 sumptisarmis,
1536 5180 1833 5238 sortiterrestitcruut

816 5303 933 5360 VdeAE
955 5303 1154 5362 taeniense

169 5403 255 5461 mali
299 5411 438 5465 autumo.
477 5405 542 5466 iiie
580 5413 649 5468 090.
687 5408 857 5469 ⁷⁸⁷aeeara.
897 5407 1178 5471 eorumeorurn
1200 5409 1297 5482 infre.
1337 5407 1545 5481 ⁷⁶⁰quidemu.
1583 5406 1832 5482 iiihistertthy·

33 5534 37 5541 ,
133 5421 516 5607 ²staynyia§zey'eorcitusar.
545 5421 590 5514 εξ
601 5481 749 5539 introrsus
761 5487 785 5539 u.
825 5479 985 5540 ⁷⁷⁸dersto.
1025 5478 1059 5516 ⁷⁷⁴
1074 5481 1243 5538 existebant
1254 5484 1279 5537 t.
1293 5480 1498 5540 existelranttto
1534 5477 1827 5556 'repraesumere

1013 4739 1146 4808 pactione
1160 4737 1316 4807 immorati,
1333 4737 1450 4794 tandem
1467 4753 1587 4796 uxorum
1600 4737 1785 4808 flagitatione
1795 4750 1835 4794 re·
