3788 5992
57 203 117 274 849
651 205 897 274 canonican.
920 245 960 258 -
980 209 1057 275 ΜΒ,
1081 210 1118 277 ll.
1701 198 1761 267 850

58 337 194 404 mulanlt.
208 339 311 404 latuit
321 341 397 402 enim
410 343 484 404 diem
496 343 596 405 obitus
610 343 673 418 ejus
687 346 788 405 eadem
802 360 883 404 rere·
897 340 1038 421 Aperuit
1051 345 1166 408 cuidem
1180 341 1339 407 venerabili
1350 342 1425 417 rire,
1437 347 1468 402 et
1479 340 1518 402 ait
1531 360 1538 399 ε
1550 336 1701 402 Morteem
1713 349 1761 401 eu

57 430 171 493 latione
182 433 407 493 determinatum
420 437 466 495 die
477 437 570 496 tercio
582 443 648 510 post
658 437 882 495 translationem
940 436 1052 506 diceret,
1062 438 1195 497 eedeiee.
1207 440 1264 496 Hoc
1275 436 1430 495 abbatibus
1441 433 1644 503 referentibus,
1654 435 1684 489 et
1693 429 1759 489 aliis

58 522 190 595 eiusdem
215 524 293 582 beati
318 524 484 583 Clementis.
503 528 618 585 leoena
640 527 750 585 Domini
774 532 883 598 quanto
940 527 1074 598 personis
1091 543 1145 583 non
1163 527 1288 598 leuibus,
1314 525 1463 596 cognitum
1488 526 1543 580 est.
1571 520 1649 576 Obiit
1662 524 1759 577 aetem
1841 542 1846 550 ·

57 612 166 671 affeetu
178 613 692 689 penitentesreconciliaverit,quarn
703 617 839 673 devotum
852 630 883 673 sc
938 616 1008 671 Non.
1027 615 1092 671 llaii
1106 616 1282 673 reiterabilis
1302 615 1427 672 antistes
1442 612 1643 679 lierimannus,
1661 623 1770 678 cruce,-

58 703 87 756 in
101 701 305 759 consecrando
319 703 458 759 crismate
477 703 634 776 exibuerit,
652 705 717 776 quis
734 705 805 762 satis
820 718 884 759 nar·
939 704 1024 760 mitra
1040 709 1069 759 et
1085 704 1174 776 pallio
1190 705 1358 774 decoratus,
1372 708 1400 759 et
1414 702 1458 758 bis
1476 698 1610 772 sepultus
1625 697 1761 768 insigniis

59 804 128 846 rare
142 791 255 863 pessit;
271 805 335 848 cum
348 791 439 862 magis
451 793 572 863 angelus
584 809 667 864 quam
680 795 803 850 bumana
820 807 884 864 per·
940 791 966 847 in
983 792 1105 850 ecclesia
1121 794 1213 850 saneti
1231 793 1309 849 Petri
1331 806 1405 848 anuo
1421 791 1457 847 ab
1473 789 1528 846 ine.
1546 789 1626 843 bom.
1645 786 1724 844 1090.

59 892 133 935 sona
156 877 226 935 dliis
247 878 380 936 ecclesie
404 881 568 938 astantibus
585 881 611 937 in
628 882 691 953 ipso
712 881 884 938 refulserit?
976 886 1067 954 ituree,
1080 885 1141 942 llai.
1155 890 1194 956 7.)
1213 888 1292 941 anne
1305 879 1643 956 praeteritoTeodoricus
1659 873 1761 934 Virdu·

59 965 884 1038 lniirmitaslicetgrarisdignitatemrrdtnsetoriseon-
939 974 1039 1030 nensis
1062 975 1218 1031 deinnetus
1242 979 1304 1030 erat
1326 976 1341 1028 l
1360 975 1430 1029 Non.
1448 972 1512 1039 llai,
1540 969 1588 1041 qui
1614 964 1760 1024 tamenin
1838 1035 1842 1045 Ι

61 1055 171 1112 stantia
190 1056 295 1111 mentis
306 1056 334 1112 in
346 1056 408 1127 ipso
423 1059 542 1114 turbare
555 1074 609 1115 nou
622 1061 726 1130 proluit.
741 1062 809 1114 curn
825 1073 885 1113 ern·
939 1060 1109 1118 intirmitate
1126 1063 1160 1117 dc
1176 1062 1378 1118 cururnunione
1399 1060 1534 1116 Witberti
1555 1062 1584 1114 et
1605 1055 1641 1112 de
1661 1050 1762 1125 expul-

60 1143 150 1199 nibus
172 1142 347 1215 praedicaret
371 1145 496 1216 publice,
514 1161 569 1202 nou
588 1131 705 1202 tacebat
726 1148 752 1201 in
769 1146 884 1202 domino
938 1151 1019 1206 siorre
1040 1151 1162 1207 fratrum
1185 1151 1372 1221 penitentiam
1389 1151 1458 1218 egit,
1477 1147 1591 1218 culpam
1609 1144 1761 1216 professus

58 1231 120 1287 Deo
136 1245 192 1288 suo
207 1231 333 1290 conlisus
349 1233 384 1289 de
400 1234 526 1290 vitandis
541 1235 776 1304 symoniacorum
794 1241 821 1288 et
839 1233 886 1288 Ni·
938 1243 1001 1302 est;
1017 1237 1077 1304 (iol.
1100 1243 1157 1309 136)
1174 1245 1202 1294 rt
1220 1254 1234 1294 a
1252 1238 1376 1308 qnodarn
1394 1239 1484 1293 iratre
1501 1232 1629 1291 Gerardo
1646 1230 1761 1287 nornine

58 1318 255 1376 cbolaitarum
282 1321 609 1393 sacrificiis,rxpom·rrs
633 1323 801 1378 Nielrolaum
819 1323 885 1377 iden
940 1328 1084 1398 qnondam
1114 1328 1257 1383 carroniro
1282 1332 1309 1382 et
1336 1326 1541 1382 arenidiacenc
1569 1318 1761 1378 virdunensis

59 1409 223 1464 seecundum
238 1410 352 1466 beatum
370 1413 560 1479 lurgtrstinur:
575 1413 609 1465 ab
622 1412 763 1483 :cimbalis
779 1412 886 1466 lancti·
940 1417 1091 1485 aeclesia,
1106 1421 1173 1472 tunc
1185 1421 1281 1472 autern
1295 1415 1435 1471 monache
1450 1413 1544 1470 sancti
1555 1408 1662 1478 vitoni,
1676 1420 1759 1478 quem

59 1495 884 1569 crrrrujadicaturn,quiainordincdiaconatuscunuquem
940 1504 1083 1562 Rodnllns
1116 1506 1206 1561 abbas
1235 1505 1281 1576 pia
1312 1502 1511 1560 sollicitudine
1540 1515 1592 1572 pro
1626 1497 1680 1553 bec
1710 1493 1761 1551 ille

59 1583 146 1656 prius
160 1584 302 1643 babuerat
318 1587 418 1644 uxoris
433 1602 516 1644 usum
533 1587 677 1659 apostolis
692 1589 884 1658 arguentibus
941 1593 1072 1661 miserat,
1096 1597 1243 1664 praecepto
1268 1592 1395 1662 ejusdcm
1417 1591 1543 1658 abbatis,
1565 1587 1613 1658 qui
1635 1587 1762 1656 potesta·

60 1672 213 1730 dimittere
227 1673 329 1730 noluit.
344 1676 373 1730 ln
386 1676 490 1747 pascha
504 1677 652 1732 celebrato
665 1676 763 1733 divino
778 1676 883 1747 elllcio,
902 1709 924 1764 Β
942 1686 999 1738 tem
1019 1683 1188 1739 alrsolvendi
1208 1697 1269 1752 eos,
1290 1682 1338 1752 qui
1356 1682 1391 1737 ab
1407 1675 1665 1736 excommunicatis
1687 1671 1763 1728 redi·

61 1775 92 1817 se
108 1767 140 1818 et
155 1777 226 1819 oves
241 1762 297 1820 sibi
313 1764 483 1821 corrrrnissas
504 1769 687 1820 sacramento
707 1764 840 1836 corporis
854 1769 884 1819 et
942 1771 1021 1839 bant,
1040 1772 1075 1825 ab
1091 1771 1252 1841 apostoliea
1266 1770 1332 1827 sede
1345 1769 1523 1841 optinuerat,
1536 1762 1689 1822 absolutus
1703 1764 1760 1817 est·

61 1850 213 1921 sanguinis
236 1852 287 1908 liei
311 1852 443 1908 munivit.
472 1852 577 1908 Eadem
603 1852 649 1908 die
673 1852 708 1908 ad
733 1867 884 1924 vesperam
942 1860 981 1914 Ex
1002 1862 1072 1915 tunc
1093 1860 1184 1915 abbas
1204 1859 1346 1916 llodullus
1366 1873 1431 1914 curn
1453 1854 1593 1911 iratribus
1614 1851 1649 1908 ad
1668 1863 1764 1908 coeno·

61 1938 184 2007 gravius
208 1938 347 1996 inllrrnari
367 1941 454 2012 cepit.
479 1941 739 2012 appropinquante
756 1956 824 1998 vero
840 1940 887 1996 die
942 1947 1020 2004 bium
1050 1947 1106 2004 sibi
1134 1947 1320 2004 commissum
1342 1947 1508 2003 revocatus·
1526 1947 1581 2010 est,
1611 1954 1675 1997 cum
1697 1940 1764 2010 post

61 2027 530 2086 determinatuadtransferendas
543 2029 724 2086 venerabiles
736 2030 885 2100 reliquias,
942 2034 1101 2091 discessum
1121 2035 1183 2104 ejus
1202 2035 1362 2091 intrassent
1379 2034 1406 2089 in
1423 2031 1495 2088 illud
1516 2030 1577 2102 lupi
1592 2027 1626 2062 ⁴²⁰
1640 2040 1764 2099 rapaces

60 2116 888 2190 rirestenuesliomineannnentereecpitetintransle·
943 2123 1007 2180 loce
1037 2138 1093 2179 non
1123 2131 1288 2194 parcentes,
1310 2128 1339 2179 et
1360 2123 1448 2178 iteum
1477 2124 1504 2176 et
1535 2118 1678 2175 hominem
1708 2129 1764 2172 non

59 2204 157 2262 rende
180 2206 268 2262 beate
289 2205 437 2262 Clemente
452 2205 512 2263 lial.
530 2207 593 2263 llaii
608 2224 671 2264 eum
688 2222 799 2263 summa
815 2207 887 2262 cleri
914 2226 919 2237 ·
944 2217 1122 2282 reverentes,
1141 2227 1155 2267 a
1172 2211 1279 2281 quibus
1306 2213 1345 2266 ita
1376 2209 1470 2266 omnia
1498 2208 1617 2265 conlusa
1647 2208 1716 2261 sunt
1734 2206 1764 2259 et

60 2292 220 2364 plebisque
237 2293 392 2351 devotione
409 2295 505 2351 divina
521 2297 615 2365 gratia
632 2296 810 2352 desiderium
825 2296 889 2364 ejus
944 2301 1107 2370 destructa,
1124 2305 1154 2356 ut
1170 2299 1305 2354 nrcrnoria
1321 2297 1500 2355 confusionis
1515 2300 1545 2352 et
1561 2292 1765 2366 pessundatio-

61 2379 200 2452 inplerit,
211 2385 241 2437 ct
253 2386 313 2438 tota
326 2381 407 2452 urbe,
419 2383 504 2438 innno
517 2388 577 2438 tota
590 2384 707 2451 regione
719 2383 754 2438 ad
767 2385 887 2439 uerbum
944 2387 988 2442 nis
1012 2387 1091 2444 illius
1111 2386 1256 2456 bodieque
1280 2385 1446 2442 oblitterari
1463 2399 1519 2440 non
1535 2383 1640 2439 valeat.
1658 2380 1720 2447 Quo
1738 2380 1764 2435 in

60 2468 283 2542 praedicationis
297 2471 360 2541 ejus
375 2476 501 2541 astante,
518 2476 547 2526 et
564 2471 598 2527 dc
614 2486 663 2526 ure
680 2472 743 2540 rjus
759 2487 824 2527 rore
841 2486 889 2527 su·
945 2476 1020 2531 laete
1036 2475 1172 2531 adrnirari
1185 2475 1255 2530 libet
1269 2474 1451 2546 prudentiam
1463 2478 1493 2529 et
1504 2471 1655 2528 caritatem
1673 2467 1765 2539 patris

60 2569 163 2629 pernae
180 2557 344 2614 dulcedinis
356 2558 527 2619 distillante.
541 2558 676 2616 carnibus
687 2559 841 2627 absolutis,
859 2563 889 2614 ct
944 2564 1036 2620 nostri
1055 2564 1169 2619 abbatis
1190 2562 1381 2630 Divionense,
1398 2563 1445 2633 qui
1462 2562 1536 2617 tales
1550 2566 1579 2616 et
1594 2563 1694 2614 tantos
1711 2557 1767 2611 ira·

61 2648 97 2703 ab
111 2646 252 2704 omnibus
267 2646 350 2717 quasi
367 2648 403 2703 ab
422 2647 485 2718 ipso
505 2649 563 2702 lico
585 2647 768 2702 absrlrrtiono
786 2647 886 2717 petita,
945 2657 1005 2707 tres
1019 2668 1083 2707 euru
1100 2652 1237 2723 suscepit,
1265 2650 1374 2708 letatus
1387 2655 1443 2719 est,
1461 2665 1525 2706 curn
1551 2647 1664 2705 remisit
1687 2645 1763 2714 loce,

62 2734 182 2792 tandem
204 2734 231 2790 in
255 2735 375 2792 auribus
399 2736 526 2792 omnium
550 2735 738 2801 desiderarit,
764 2735 887 2792 diceus:
943 2739 1110 2809 gratulatus
1120 2745 1177 2796 cst.
1190 2740 1295 2810 Utique
1307 2738 1388 2796 seles
1402 2737 1584 2808 temporibus
1599 2733 1709 2791 nostris
1726 2733 1767 2788 in·

62 2822 187 2894 deficit
204 2823 297 2880 miii!
323 2823 481 2880 Oetinam
495 2823 741 2896 respiciutlteos,
758 2823 893 2896 etfleiot
944 2833 1050 2885 rentes
1064 2833 1120 2896 est,
1143 2829 1191 2900 qui
1215 2830 1321 2885 iratres
1341 2842 1414 2897 quos
1429 2832 1559 2898 tempore
1579 2821 1768 2880 necessitatis

64 2911 180 2971 iuberes
198 2925 285 2982 meos,
302 2911 492 2983 etsusciptot
505 2913 538 2969 iu
548 2927 624 2984 proce
639 2914 780 2984 spiritum
797 2926 890 2968 rocem
945 2917 1120 2987 retinuerat,
1145 2917 1225 2989 pacis
1241 2924 1372 2988 tempore
1386 2916 1559 2983 dimitteret,
1577 2927 1628 2969 nec
1642 2909 1766 2967 doleret.

59 3014 112 3071 per
128 3001 372 3058 intercessionem
390 3001 490 3058 eoacti
505 3001 675 3067 clericatis,
691 3003 777 3071 ctljlts
790 3015 891 3058 socro-
907 3058 928 3083 Π
946 3005 1027 3071 Quod
1039 3006 1113 3060 enim
1127 3021 1177 3061 eos
1189 3005 1329 3077 suscepit,
1340 3009 1370 3059 et
1381 3001 1637 3073 congregationem
1648 3010 1771 3068 congre·

65 3088 217 3146 tissimum
238 3101 343 3161 corpus
365 3088 452 3147 bodie
472 3089 585 3155 cidere,
600 3090 735 3160 palpare,
752 3089 783 3145 et
794 3090 891 3146 treats·
908 3095 930 3119 ·³
945 3092 1055 3161 gatiani
1071 3092 1203 3160 sociarit,
1219 3091 1332 3162 signum
1349 3091 1401 3147 luit
1416 3090 1463 3147 cui
1480 3087 1693 3147 contradictum
1709 3085 1766 3152 est,

60 3177 148 3247 serre
161 3176 324 3248 magnifice
333 3190 453 3235 munere
463 3175 547 3234 trebia
558 3177 593 3233 de
603 3178 670 3234 cele
681 3177 822 3234 denotem
833 3177 892 3234 est!
946 3181 1019 3237 adeo
1029 3187 1061 3236 ut
1072 3194 1172 3236 onmes
1183 3181 1355 3250 rogarentin
1365 3181 1470 3236 bonum
1482 3181 1611 3234 monstra
1622 3170 1766 3230 converti.

68 3265 126 3321 Sub
144 3263 281 3320 bacrocc
296 3262 421 3336 populus
437 3264 628 3334 ingemnit,0t
642 3266 733 3321 iraeto
749 3264 892 3335 saniemque
946 3269 1015 3324 liarn
1033 3273 1062 3324 ct
1080 3266 1279 3324 cluniacensis
1298 3268 1389 3324 abbas
1409 3267 1531 3321 domnus
1551 3264 1631 3333 llugo
1645 3275 1710 3319 cum
1727 3260 1769 3316 iu·

67 3348 201 3409 laborum
214 3350 371 3423 inploranti
384 3352 545 3408 condoluit.
560 3354 676 3409 Duobus
688 3354 792 3410 diebus
804 3353 893 3408 inter·
948 3358 1102 3428 probasset
1119 3358 1226 3413 lectum
1242 3355 1314 3426 ejus,
1328 3355 1429 3411 dicens
1443 3351 1614 3425 inpossibile
1630 3350 1691 3407 lore
1707 3353 1770 3405 tres

67 3438 244 3498 cedentibus
265 3441 346 3511 quasi
366 3442 508 3512 praesagis
527 3442 631 3498 vicinis
653 3443 807 3512 transitus,
826 3442 894 3498 ide·
948 3445 1191 3514 congregationes
1219 3444 1340 3501 invicem
1370 3456 1436 3499 esse
1460 3439 1633 3509 concordes,
1660 3437 1718 3494 tale
1742 3437 1769 3492 ei

67 3527 146 3586 libus
161 3527 295 3587 ccclesia
312 3530 372 3587 deri
388 3529 530 3602 epistolas
546 3531 645 3601 jussit,
664 3545 752 3587 orans
768 3535 796 3586 et
814 3531 896 3602 adju·
949 3533 1031 3589 dedit
1042 3533 1209 3603 concilium,
1220 3528 1252 3589 ut
1264 3531 1287 3588 si
1300 3529 1531 3588 velletecclesiae
1542 3527 1597 3584 sibi
1609 3524 1770 3584 connnissee

68 3631 137 3675 rans
160 3632 214 3690 per
239 3618 384 3675 viventem
409 3619 435 3674 in
460 3620 558 3677 secula
575 3619 752 3689 seculorum,
778 3624 809 3675 nt
833 3620 895 3676 sine
950 3635 1048 3692 pacem
1070 3622 1236 3692 adquirere,
1254 3634 1305 3676 eos
1322 3620 1371 3690 qui
1387 3617 1497 3675 vellent
1514 3616 1656 3674 aecclesiae
1675 3613 1771 3670 bivio·

67 3705 895 3777 dolo,sinesimulationctractarentnegucimnaecclesiae
950 3710 1036 3764 ncrrsi
1054 3709 1266 3781 perpetualiter
1280 3707 1471 3765 stabilitatem
1488 3705 1603 3762 firmare
1618 3704 1770 3771 retineret,

67 3795 95 3852 ln
110 3794 240 3867 simplici
256 3800 286 3852 et
302 3796 377 3853 nuda
404 3797 537 3864 veritate,
555 3801 584 3852 et
601 3797 736 3851 omnibus
760 3795 895 3853 ultimum
950 3797 999 3867 qui
1013 3813 1082 3854 nero
1095 3797 1272 3853 nollentase
1284 3796 1400 3854 omuino
1412 3794 1584 3851 dimitteret.
1604 3792 1696 3849 Aliter
1707 3794 1770 3847 tutu

68 3883 133 3942 vale
151 3884 235 3955 dixit,
252 3900 316 3942 cunr
333 3883 459 3941 mirabili
479 3886 633 3941 verborum
651 3888 679 3939 ct
696 3883 795 3942 reltns
812 3884 896 3941 allec-
950 3898 1016 3940 esse
1033 3898 1089 3956 pax
1105 3883 1247 3940 eecclesiae
1264 3897 1319 3939 nen
1334 3889 1447 3955 posset,
1465 3896 1530 3938 curn
1550 3881 1592 3937 illi
1608 3880 1655 3951 qni
1671 3879 1773 3934 essent

68 3972 162 4030 tione.
187 3971 238 4029 bie
261 3973 354 4029 tercie
381 3974 459 4029 circa
485 3975 585 4030 beram
609 3988 712 4028 nonam
730 3973 897 4043 intelligens
950 3972 1079 4043 suscepti
1092 3971 1136 4028 rel
1149 3971 1251 4028 nutriti
1265 3972 1293 4027 in
1305 3971 1449 4041 aecclesia,
1463 3967 1700 4026 dissentirentab
1712 3964 1772 4022 illis

68 4073 156 4118 suum
166 4059 324 4118 transitum
336 4061 496 4132 imminere,
507 4063 662 4119 convocari
676 4066 783 4117 tratres
792 4061 893 4131 jussit,
952 4061 1000 4131 qui
1011 4060 1121 4131 suscipi
1132 4060 1309 4130 refugerent,
1319 4059 1396 4130 quod
1406 4058 1539 4128 religioni
1549 4054 1772 4113 adversabatur.

69 4153 100 4204 ct
115 4145 196 4204 illies
211 4152 343 4205 astantes
355 4147 535 4205 redolerent
550 4164 621 4205 voce
636 4154 665 4206 et
681 4163 766 4205 nrann
782 4163 897 4220 compc-
952 4151 1104 4206 Attestans
1125 4163 1156 4205 se
1178 4148 1206 4204 id
1227 4148 1383 4217 iacturum,
1405 4147 1429 4202 si
1450 4145 1554 4203 similis
1569 4144 1594 4201 ei
1611 4141 1774 4200 necessitas

69 4235 159 4294 scuit.
177 4237 200 4292 Δ
216 4237 323 4308 quibus
340 4252 405 4294 curn
428 4237 671 4307 interrogaretur,
689 4238 734 4294 cui
750 4253 799 4296 eos
815 4237 897 4294 dese·
951 4238 1142 4294 incumberet.
1156 4238 1215 4293 lloc
1228 4237 1290 4307 ipse
1302 4235 1338 4291 ab
1350 4233 1590 4305 ejusereaudivi,
1602 4246 1668 4288 cum
1680 4243 1772 4286 essem

68 4322 149 4381 latos
163 4321 355 4395 relinqueret,
373 4325 441 4395 quid
456 4330 500 4381 cis
513 4328 708 4396 praecineret:
724 4326 896 4383 Cernerendo
952 4342 1016 4383 cum
1042 4325 1143 4381 eedem
1167 4330 1250 4398 patre
1275 4329 1377 4381 nestro
1403 4322 1542 4380 Cluniaci.
1559 4320 1711 4379 tamenim
1728 4332 1773 4375 me

67 4425 130 4481 tce,
146 4413 199 4481 ait,
216 4412 292 4478 Dea·
306 4412 383 4469 utute
398 4413 430 4469 ie
439 4413 503 4484 ‚ride
512 4414 542 4469 et
551 4414 689 4470 doctri-uo
705 4412 784 4470 beati
798 4413 894 4484 Petri,
911 4414 938 4474 D
953 4430 1051 4472 secum
1068 4413 1204 4482 ducebat,
1223 4419 1253 4470 ut
1271 4413 1401 4470 viderem
1419 4427 1483 4483 quae
1503 4413 1662 4469 circaeam
1677 4411 1771 4477 erant,

68 4499 408 4559 cicutaeeeeeeeoriius
423 4502 488 4572 ejus
499 4502 527 4557 et
539 4501 658 4558 vidistis
669 4502 846 4559 attendistis.
862 4503 897 4557 Et

71 4592 140 4660 post
156 4587 211 4645 bec
226 4603 326 4645 omnes
342 4589 528 4659 benedicens,
546 4589 629 4659 siguo
643 4590 743 4646 erneis
760 4605 790 4644 se
806 4590 898 4645 urrani·

70 4677 123 4747 rit,
140 4679 170 4732 et
187 4676 321 4733 invocata
337 4682 439 4733 saneta
454 4677 604 4746 Trinitate,
623 4683 732 4734 sanctae
748 4677 843 4732 blarire
866 4693 897 4732 sc

71 4765 293 4833 commendans,
309 4780 461 4823 commune
473 4766 666 4838 patrocinium
678 4770 844 4821 sarrctorunr
859 4765 899 4819 in·

70 4851 205 4925 plorans,
222 4852 315 4910 ecelis
331 4858 360 4909 et
381 4854 513 4911 mantibus
524 4855 551 4909 in
565 4853 670 4910 coeluum
686 4853 819 4923 eleuatis,
837 4854 898 4910 sine

71 4941 133 4998 ulle
150 4941 279 5014 strepitu
295 4942 374 4999 necis
389 4947 419 4998 et
436 4947 515 4999 motu
531 4941 675 5013 corperis,
694 4942 774 5012 quasi
793 4942 898 4996 obdor-

71 5031 168 5087 miens
179 5029 317 5101 spiritum
329 5031 435 5087 emisit.
448 5031 585 5101 Sequenti
598 5035 681 5086 nocte
691 5030 826 5100 apparuit
838 5029 898 5084 cui·

71 5118 138 5174 dum
162 5117 271 5174 dilecto
285 5133 347 5188 sue,
366 5133 450 5189 qncrn
469 5119 496 5173 in
513 5118 602 5174 tiliam
620 5118 822 5188 adoptaverat,
848 5117 896 5187 qui

71 5222 137 5263 cum
150 5204 253 5278 psalmi
265 5211 465 5278 cantarentur,
479 5222 538 5278 prae
551 5206 672 5261 tristitia
687 5205 896 5275 obdormierat,

70 5301 100 5352 ct
114 5295 155 5351 ait
167 5293 210 5350 illi
225 5294 435 5354 :Nelintestus
445 5307 517 5366 esee,
528 5294 630 5352 aeirus
640 5308 712 5352 surae.
732 5294 838 5349 lterum
851 5308 899 5365 ap-

953 4507 982 4558 et
1000 4503 1170 4574 perfectioni
1188 4516 1305 4572 operam
1322 4501 1436 4568 darem;
1453 4515 1518 4557 cum
1535 4501 1608 4571 ipse,
1624 4497 1774 4556 humiliter
1804 4528 1811 4543 ι

954 4590 1114 4661 requisitus
1129 4605 1144 4646 a
1162 4604 1206 4645 mo
1222 4604 1311 4660 qnare
1327 4593 1408 4645 tante
1425 4594 1555 4660 tempore
1572 4587 1713 4645 voluntati
1730 4599 1775 4641 me

954 4679 1080 4749 propriae
1106 4678 1275 4748 dimisisset,
1299 4678 1427 4733 breviter
1443 4677 1618 4750 respondit:
1642 4673 1776 4732 Volebam

954 4766 1095 4836 iuquiens,
1111 4767 1189 4823 scire
1198 4767 1226 4823 si
1238 4765 1318 4821 terro
1335 4766 1388 4822 tue
1400 4778 1497 4822 serite-rt
1511 4763 1592 4821 verbi
1601 4760 1774 4834 acciperet,

952 4853 979 4908 si
990 4867 1052 4908 suat
1058 4852 1121 4922 epto
1130 4853 1241 4909 aerrriue
1244 4853 1385 4925 fluctum
1387 4852 1516 4924 fuceret,
1529 4864 1565 4907 ne
1575 4852 1776 4908 incesseram·

953 4941 1072 4996 trientem
1083 4940 1243 5010 jactancia,
1258 4954 1293 4996 ne
1304 4940 1388 4997 labor
1398 4939 1426 4996 et
1436 4941 1560 5011 inpense
1572 4937 1693 5009 periret.
1709 4935 1776 5002 Qui·

955 5028 1009 5083 bus
1030 5027 1093 5096 ejas
1115 5027 1211 5084 verbis
1227 5042 1262 5083 ex
1278 5027 1432 5084 devotione
1448 5026 1592 5093 allectum,
1618 5039 1654 5080 ex
1670 5024 1775 5081 affectu

954 5114 1136 5171 devotionem
1146 5115 1299 5185 colligens,
1312 5115 1375 5174 tibi.
1387 5115 1512 5179 Christe,
1524 5114 1634 5183 gratias
1644 5115 1774 5183 agebam,

953 5208 984 5259 et
999 5210 1028 5260 ut
1045 5204 1237 5260 iructillcaret
1250 5204 1275 5259 in
1291 5219 1333 5259 me
1347 5203 1441 5273 gratie
1459 5208 1525 5268 tua;
1543 5207 1576 5258 nt
1590 5203 1733 5259 letaretur
1748 5200 1775 5255 in

954 5296 982 5348 te
992 5292 1028 5348 de
1038 5291 1122 5347 nobis
1136 5290 1227 5347 nrulto
1239 5290 1343 5348 affectu
1356 5292 1485 5363 erabarn,
1495 5295 1524 5348 et
1534 5292 1629 5350 adbuc
1639 5292 1666 5348 in
1675 5289 1775 5348 eodem

753 5425 870 5482 VARIAE
891 5424 1090 5482 ascalonas

109 5525 142 5562 ⁴¹⁰
156 5521 236 5596 rupi.
256 5535 284 5580 e.
