<?xml version="1.0" encoding="UTF-8"?>
<!DOCTYPE html PUBLIC "-//W3C//DTD XHTML 1.0 Transitional//EN"
    "http://www.w3.org/TR/xhtml1/DTD/xhtml1-transitional.dtd">
<html xmlns="http://www.w3.org/1999/xhtml" xml:lang="en" lang="en">
 <head>
  <title>
</title>
<meta http-equiv="Content-Type" content="text/html;charset=utf-8" />
  <meta name='ocr-system' content='tesseract 3.04.00' />
  <meta name='ocr-capabilities' content='ocr_page ocr_carea ocr_par ocr_line ocrx_word'/>
</head>
<body>
  <div class='ocr_page' id='page_1' title='image "./patrologiaecurs34unkngoog_0219.png"; bbox 0 0 3788 6000; ppageno 0'>
   <div class='ocr_carea' id='block_1_1' title="bbox 142 229 1844 319">
    <p class='ocr_par' dir='ltr' id='par_1_1' title="bbox 142 229 1844 319">
     <span class='ocr_line' id='line_1_1' title="bbox 142 229 1844 319; baseline 0.012 -20"><span class='ocrx_word' id='word_1_1' title='bbox 142 231 200 299; x_wconf 68' lang='lat'><strong>42¹1</strong></span> <span class='ocrx_word' id='word_1_2' title='bbox 521 234 562 301; x_wconf 81' lang='grc' dir='ltr'><strong>Β.</strong></span> <span class='ocrx_word' id='word_1_3' title='bbox 582 232 838 304; x_wconf 84' lang='lat' dir='ltr'>WOLPHELMI</span> <span class='ocrx_word' id='word_1_4' title='bbox 857 229 1035 301; x_wconf 79' lang='lat' dir='ltr'>ABBATIS</span> <span class='ocrx_word' id='word_1_5' title='bbox 1056 235 1458 310; x_wconf 77' lang='lat' dir='ltr'>BRUNWILLERENSIS</span> <span class='ocrx_word' id='word_1_6' title='bbox 1782 250 1844 319; x_wconf 78' lang='grc'><strong>428</strong></span> 
     </span>
    </p>
   </div>
   <div class='ocr_carea' id='block_1_2' title="bbox 132 366 1843 2222">
    <p class='ocr_par' dir='ltr' id='par_1_2' title="bbox 133 366 1843 1951">
     <span class='ocr_line' id='line_1_2' title="bbox 140 366 1843 449; baseline 0.006 -17"><span class='ocrx_word' id='word_1_7' title='bbox 140 385 204 432; x_wconf 88' lang='lat' dir='ltr'><strong>sum</strong></span> <span class='ocrx_word' id='word_1_8' title='bbox 220 387 273 433; x_wconf 89' lang='lat' dir='ltr'><strong>nos</strong></span> <span class='ocrx_word' id='word_1_9' title='bbox 284 366 361 434; x_wconf 88' lang='lat' dir='ltr'><strong>unda</strong></span> <span class='ocrx_word' id='word_1_10' title='bbox 370 370 428 445; x_wconf 78' lang='lat' dir='ltr'><strong>iam</strong></span> <span class='ocrx_word' id='word_1_11' title='bbox 452 369 567 444; x_wconf 85' lang='lat' dir='ltr'><strong>longius</strong></span> <span class='ocrx_word' id='word_1_12' title='bbox 583 375 730 445; x_wconf 90' lang='lat' dir='ltr'><strong>rapuerat,</strong></span> <span class='ocrx_word' id='word_1_13' title='bbox 752 371 819 428; x_wconf 91' lang='lat' dir='ltr'><strong>dum</strong></span> <span class='ocrx_word' id='word_1_14' title='bbox 835 385 904 428; x_wconf 89' lang='lat' dir='ltr'><strong>ecce</strong></span> <span class='ocrx_word' id='word_1_15' title='bbox 920 383 964 425; x_wconf 89' lang='lat' dir='ltr'><strong>ro·</strong></span> <span class='ocrx_word' id='word_1_16' title='bbox 978 367 1006 428; x_wconf 85' lang='grc' dir='ltr'><strong>Α</strong></span> <span class='ocrx_word' id='word_1_17' title='bbox 1021 368 1147 445; x_wconf 88' lang='lat' dir='ltr'><strong>fuerant,</strong></span> <span class='ocrx_word' id='word_1_18' title='bbox 1163 374 1263 432; x_wconf 91' lang='lat' dir='ltr'><strong>ordine</strong></span> <span class='ocrx_word' id='word_1_19' title='bbox 1279 379 1425 449; x_wconf 74' lang='lat' dir='ltr'>exposuit.</span> <span class='ocrx_word' id='word_1_20' title='bbox 1456 378 1544 449; x_wconf 83' lang='lat' dir='ltr'><strong>Cujus</strong></span> <span class='ocrx_word' id='word_1_21' title='bbox 1560 381 1664 438; x_wconf 90' lang='lat' dir='ltr'><strong>mentis</strong></span> <span class='ocrx_word' id='word_1_22' title='bbox 1679 379 1774 440; x_wconf 88' lang='lat' dir='ltr'><strong>dolori</strong></span> <span class='ocrx_word' id='word_1_23' title='bbox 1793 384 1843 442; x_wconf 88' lang='lat' dir='ltr'><strong>ille</strong></span> 
     </span>
     <span class='ocr_line' id='line_1_3' title="bbox 140 459 1843 544; baseline 0.005 -22"><span class='ocrx_word' id='word_1_24' title='bbox 140 469 229 536; x_wconf 87' lang='lat' dir='ltr'><strong>pente</strong></span> <span class='ocrx_word' id='word_1_25' title='bbox 243 461 421 520; x_wconf 77' lang='lat' dir='ltr'>intolerabili</span> <span class='ocrx_word' id='word_1_26' title='bbox 446 468 548 519; x_wconf 87' lang='lat' dir='ltr'><strong>exorta</strong></span> <span class='ocrx_word' id='word_1_27' title='bbox 564 465 747 533; x_wconf 73' lang='lat' dir='ltr'><strong>tempestate,</strong></span> <span class='ocrx_word' id='word_1_28' title='bbox 779 463 863 531; x_wconf 90' lang='lat' dir='ltr'><strong>rupta</strong></span> <span class='ocrx_word' id='word_1_29' title='bbox 879 459 963 530; x_wconf 87' lang='lat' dir='ltr'><strong>quies</strong></span> <span class='ocrx_word' id='word_1_30' title='bbox 1019 460 1188 535; x_wconf 84' lang='lat' dir='ltr'><strong>condolens,</strong></span> <span class='ocrx_word' id='word_1_31' title='bbox 1205 465 1281 521; x_wconf 90' lang='lat' dir='ltr'><strong>datis</strong></span> <span class='ocrx_word' id='word_1_32' title='bbox 1297 467 1384 522; x_wconf 91' lang='lat' dir='ltr'><strong>etiam</strong></span> <span class='ocrx_word' id='word_1_33' title='bbox 1401 472 1568 526; x_wconf 89' lang='lat' dir='ltr'><strong>sanctorum</strong></span> <span class='ocrx_word' id='word_1_34' title='bbox 1581 469 1722 544; x_wconf 91' lang='lat' dir='ltr'><strong>reliqniis,</strong></span> <span class='ocrx_word' id='word_1_35' title='bbox 1740 488 1843 531; x_wconf 89' lang='lat' dir='ltr'><strong>evoea-</strong></span> 
     </span>
     <span class='ocr_line' id='line_1_4' title="bbox 139 548 1840 637; baseline 0.005 -28"><span class='ocrx_word' id='word_1_36' title='bbox 139 553 231 610; x_wconf 87' lang='lat' dir='ltr'><strong>Rheni</strong></span> <span class='ocrx_word' id='word_1_37' title='bbox 243 553 279 609; x_wconf 92' lang='lat' dir='ltr'><strong>ab</strong></span> <span class='ocrx_word' id='word_1_38' title='bbox 295 552 360 608; x_wconf 91' lang='lat' dir='ltr'><strong>imis</strong></span> <span class='ocrx_word' id='word_1_39' title='bbox 377 551 494 608; x_wconf 91' lang='lat' dir='ltr'><strong>sedibus</strong></span> <span class='ocrx_word' id='word_1_40' title='bbox 513 551 713 623; x_wconf 87' lang='lat' dir='ltr'><strong>perturbatur,</strong></span> <span class='ocrx_word' id='word_1_41' title='bbox 731 548 873 619; x_wconf 81' lang='lat' dir='ltr'><strong>undaeque</strong></span> <span class='ocrx_word' id='word_1_42' title='bbox 890 550 916 604; x_wconf 95' lang='lat' dir='ltr'><strong>in</strong></span> <span class='ocrx_word' id='word_1_43' title='bbox 933 564 981 637; x_wconf 62' lang='lat' dir='ltr'><strong>se¹</strong></span> <span class='ocrx_word' id='word_1_44' title='bbox 1021 556 1080 604; x_wconf 94' lang='lat' dir='ltr'><strong>tum</strong></span> <span class='ocrx_word' id='word_1_45' title='bbox 1097 551 1132 606; x_wconf 87' lang='lat' dir='ltr'><strong>ad</strong></span> <span class='ocrx_word' id='word_1_46' title='bbox 1150 567 1181 609; x_wconf 88' lang='lat' dir='ltr'><strong>so</strong></span> <span class='ocrx_word' id='word_1_47' title='bbox 1205 553 1312 611; x_wconf 81' lang='lat' dir='ltr'><strong>direxit</strong></span> <span class='ocrx_word' id='word_1_48' title='bbox 1335 572 1400 613; x_wconf 81' lang='lat' dir='ltr'><strong>euin</strong></span> <span class='ocrx_word' id='word_1_49' title='bbox 1416 572 1450 613; x_wconf 88' lang='lat' dir='ltr'><strong>eo</strong></span> <span class='ocrx_word' id='word_1_50' title='bbox 1479 558 1631 628; x_wconf 88' lang='lat' dir='ltr'><strong>quemdam</strong></span> <span class='ocrx_word' id='word_1_51' title='bbox 1660 560 1840 632; x_wconf 81' lang='lat' dir='ltr'><strong>hezelinum,</strong></span> 
     </span>
     <span class='ocr_line' id='line_1_5' title="bbox 142 637 1842 722; baseline 0.006 -24"><span class='ocrx_word' id='word_1_52' title='bbox 142 640 349 711; x_wconf 79' lang='lat' dir='ltr'><strong>redundantes,</strong></span> <span class='ocrx_word' id='word_1_53' title='bbox 363 638 398 697; x_wconf 90' lang='lat' dir='ltr'><strong>ad</strong></span> <span class='ocrx_word' id='word_1_54' title='bbox 410 641 502 697; x_wconf 89' lang='lat' dir='ltr'><strong>instar</strong></span> <span class='ocrx_word' id='word_1_55' title='bbox 513 638 874 711; x_wconf 65' lang='lat' dir='ltr'><strong>prominentinerupium,</strong></span> <span class='ocrx_word' id='word_1_56' title='bbox 886 637 964 710; x_wconf 87' lang='lat' dir='ltr'><strong>eapi-</strong></span> <span class='ocrx_word' id='word_1_57' title='bbox 1019 638 1190 697; x_wconf 84' lang='lat' dir='ltr'><strong>scarnensis</strong></span> <span class='ocrx_word' id='word_1_58' title='bbox 1202 644 1259 716; x_wconf 79' lang='lat' dir='ltr'><strong>(at)</strong></span> <span class='ocrx_word' id='word_1_59' title='bbox 1271 644 1350 701; x_wconf 89' lang='lat' dir='ltr'><strong>sedis</strong></span> <span class='ocrx_word' id='word_1_60' title='bbox 1368 646 1538 716; x_wconf 80' lang='lat' dir='ltr'><strong>antistitem,</strong></span> <span class='ocrx_word' id='word_1_61' title='bbox 1556 652 1586 704; x_wconf 90' lang='lat' dir='ltr'><strong>ut</strong></span> <span class='ocrx_word' id='word_1_62' title='bbox 1599 662 1651 704; x_wconf 86' lang='lat' dir='ltr'><strong>sua</strong></span> <span class='ocrx_word' id='word_1_63' title='bbox 1663 649 1727 706; x_wconf 88' lang='lat' dir='ltr'><strong>viee</strong></span> <span class='ocrx_word' id='word_1_64' title='bbox 1739 651 1842 722; x_wconf 77' lang='lat' dir='ltr'><strong>pradi-</strong></span> 
     </span>
     <span class='ocr_line' id='line_1_6' title="bbox 141 725 1842 811; baseline 0.006 -25"><span class='ocrx_word' id='word_1_65' title='bbox 141 731 219 788; x_wconf 90' lang='lat' dir='ltr'><strong>tibns</strong></span> <span class='ocrx_word' id='word_1_66' title='bbox 248 729 396 787; x_wconf 87' lang='lat' dir='ltr'><strong>imminere</strong></span> <span class='ocrx_word' id='word_1_67' title='bbox 424 727 599 784; x_wconf 89' lang='lat' dir='ltr'><strong>videbantur</strong></span> <span class='ocrx_word' id='word_1_68' title='bbox 615 727 643 782; x_wconf 93' lang='lat' dir='ltr'><strong>in</strong></span> <span class='ocrx_word' id='word_1_69' title='bbox 665 727 729 783; x_wconf 89' lang='lat' dir='ltr'><strong>navi</strong></span> <span class='ocrx_word' id='word_1_70' title='bbox 759 725 960 782; x_wconf 89' lang='lat' dir='ltr'><strong>residentium.</strong></span> <span class='ocrx_word' id='word_1_71' title='bbox 1018 733 1096 783; x_wconf 93' lang='lat' dir='ltr'><strong>etum</strong></span> <span class='ocrx_word' id='word_1_72' title='bbox 1109 727 1215 800; x_wconf 89' lang='lat' dir='ltr'><strong>locum,</strong></span> <span class='ocrx_word' id='word_1_73' title='bbox 1228 732 1294 801; x_wconf 92' lang='lat' dir='ltr'><strong>quia</strong></span> <span class='ocrx_word' id='word_1_74' title='bbox 1307 733 1446 805; x_wconf 89' lang='lat' dir='ltr'><strong>episcopii</strong></span> <span class='ocrx_word' id='word_1_75' title='bbox 1462 735 1506 792; x_wconf 93' lang='lat' dir='ltr'><strong>sui</strong></span> <span class='ocrx_word' id='word_1_76' title='bbox 1532 734 1667 793; x_wconf 88' lang='lat' dir='ltr'><strong>dioecesis</strong></span> <span class='ocrx_word' id='word_1_77' title='bbox 1692 744 1767 811; x_wconf 87' lang='lat' dir='ltr'><strong>erat,</strong></span> <span class='ocrx_word' id='word_1_78' title='bbox 1784 742 1842 797; x_wconf 86' lang='lat' dir='ltr'><strong>Deo</strong></span> 
     </span>
     <span class='ocr_line' id='line_1_7' title="bbox 141 813 1840 896; baseline 0.005 -20"><span class='ocrx_word' id='word_1_79' title='bbox 141 821 245 892; x_wconf 88' lang='lat' dir='ltr'><strong>Sicqne</strong></span> <span class='ocrx_word' id='word_1_80' title='bbox 259 819 341 875; x_wconf 90' lang='lat' dir='ltr'><strong>navis</strong></span> <span class='ocrx_word' id='word_1_81' title='bbox 352 817 409 874; x_wconf 90' lang='lat' dir='ltr'><strong>huc</strong></span> <span class='ocrx_word' id='word_1_82' title='bbox 424 816 552 886; x_wconf 90' lang='lat' dir='ltr'><strong>illneqne</strong></span> <span class='ocrx_word' id='word_1_83' title='bbox 564 816 646 885; x_wconf 88' lang='lat' dir='ltr'><strong>vagis</strong></span> <span class='ocrx_word' id='word_1_84' title='bbox 662 813 802 872; x_wconf 89' lang='lat' dir='ltr'><strong>dilabitur</strong></span> <span class='ocrx_word' id='word_1_85' title='bbox 819 813 915 885; x_wconf 91' lang='lat' dir='ltr'><strong>undis,</strong></span> <span class='ocrx_word' id='word_1_86' title='bbox 933 819 962 870; x_wconf 87' lang='lat' dir='ltr'><strong>et</strong></span> <span class='ocrx_word' id='word_1_87' title='bbox 1017 823 1215 889; x_wconf 89' lang='lat' dir='ltr'><strong>consecraret,</strong></span> <span class='ocrx_word' id='word_1_88' title='bbox 1224 823 1252 874; x_wconf 89' lang='lat' dir='ltr'><strong>et</strong></span> <span class='ocrx_word' id='word_1_89' title='bbox 1265 821 1327 891; x_wconf 77' lang='lat' dir='ltr'><strong>eJus</strong></span> <span class='ocrx_word' id='word_1_90' title='bbox 1339 822 1662 896; x_wconf 88' lang='lat' dir='ltr'><strong>servitiismaneiparet.</strong></span> <span class='ocrx_word' id='word_1_91' title='bbox 1673 825 1726 892; x_wconf 85' lang='lat' dir='ltr'><strong>Qui</strong></span> <span class='ocrx_word' id='word_1_92' title='bbox 1737 828 1840 885; x_wconf 89' lang='lat' dir='ltr'><strong>libenti</strong></span> 
     </span>
     <span class='ocr_line' id='line_1_8' title="bbox 139 903 1842 985; baseline 0.004 -19"><span class='ocrx_word' id='word_1_93' title='bbox 139 923 216 966; x_wconf 89' lang='lat' dir='ltr'><strong>nuuc</strong></span> <span class='ocrx_word' id='word_1_94' title='bbox 236 920 347 965; x_wconf 91' lang='lat' dir='ltr'><strong>summo</strong></span> <span class='ocrx_word' id='word_1_95' title='bbox 362 907 390 962; x_wconf 93' lang='lat' dir='ltr'><strong>iu</strong></span> <span class='ocrx_word' id='word_1_96' title='bbox 415 903 504 962; x_wconf 89' lang='lat' dir='ltr'><strong>fluctu</strong></span> <span class='ocrx_word' id='word_1_97' title='bbox 527 903 666 976; x_wconf 90' lang='lat' dir='ltr'><strong>pendens,</strong></span> <span class='ocrx_word' id='word_1_98' title='bbox 685 919 759 961; x_wconf 91' lang='lat' dir='ltr'><strong>nunc</strong></span> <span class='ocrx_word' id='word_1_99' title='bbox 775 904 850 960; x_wconf 88' lang='lat' dir='ltr'><strong>unda</strong></span> <span class='ocrx_word' id='word_1_100' title='bbox 867 903 963 959; x_wconf 90' lang='lat' dir='ltr'><strong>dehis·</strong></span> <span class='ocrx_word' id='word_1_101' title='bbox 1017 905 1185 975; x_wconf 86' lang='lat' dir='ltr'><strong>animoejns</strong></span> <span class='ocrx_word' id='word_1_102' title='bbox 1203 909 1410 981; x_wconf 90' lang='lat' dir='ltr'><strong>obtemperans</strong></span> <span class='ocrx_word' id='word_1_103' title='bbox 1430 911 1559 983; x_wconf 86' lang='lat' dir='ltr'><strong>imperio,</strong></span> <span class='ocrx_word' id='word_1_104' title='bbox 1576 919 1753 985; x_wconf 86' lang='lat' dir='ltr'><strong>congregata</strong></span> <span class='ocrx_word' id='word_1_105' title='bbox 1769 917 1842 974; x_wconf 91' lang='lat' dir='ltr'><strong>mul·</strong></span> 
     </span>
     <span class='ocr_line' id='line_1_9' title="bbox 138 991 1839 1068; baseline 0.004 -14"><span class='ocrx_word' id='word_1_106' title='bbox 138 1012 209 1054; x_wconf 90' lang='lat' dir='ltr'><strong>cens</strong></span> <span class='ocrx_word' id='word_1_107' title='bbox 224 1003 332 1053; x_wconf 90' lang='lat' dir='ltr'><strong>terram</strong></span> <span class='ocrx_word' id='word_1_108' title='bbox 342 995 420 1051; x_wconf 90' lang='lat' dir='ltr'><strong>inter</strong></span> <span class='ocrx_word' id='word_1_109' title='bbox 435 994 541 1051; x_wconf 89' lang='lat' dir='ltr'><strong>fluctus</strong></span> <span class='ocrx_word' id='word_1_110' title='bbox 553 993 656 1066; x_wconf 90' lang='lat' dir='ltr'><strong>aperit,</strong></span> <span class='ocrx_word' id='word_1_111' title='bbox 670 992 962 1063; x_wconf 87' lang='lat' dir='ltr'><strong>turbatisqnenautis</strong></span> <span class='ocrx_word' id='word_1_112' title='bbox 1016 991 1399 1064; x_wconf 80' lang='lat' dir='ltr'><strong>titudinefldelium,divinae</strong></span> <span class='ocrx_word' id='word_1_113' title='bbox 1408 998 1757 1068; x_wconf 86' lang='lat' dir='ltr'><strong>roligionidedicaverunt</strong></span> <span class='ocrx_word' id='word_1_114' title='bbox 1766 1004 1839 1061; x_wconf 93' lang='lat' dir='ltr'><strong>idem</strong></span> 
     </span>
     <span class='ocr_line' id='line_1_10' title="bbox 139 1080 1840 1164; baseline 0.004 -22"><span class='ocrx_word' id='word_1_115' title='bbox 139 1100 199 1158; x_wconf 80' lang='lat' dir='ltr'><strong>prae</strong></span> <span class='ocrx_word' id='word_1_116' title='bbox 215 1098 323 1157; x_wconf 90' lang='lat' dir='ltr'><strong>pavore</strong></span> <span class='ocrx_word' id='word_1_117' title='bbox 340 1082 452 1154; x_wconf 90' lang='lat' dir='ltr'><strong>mortis,</strong></span> <span class='ocrx_word' id='word_1_118' title='bbox 476 1097 567 1139; x_wconf 92' lang='lat' dir='ltr'><strong>sonus</strong></span> <span class='ocrx_word' id='word_1_119' title='bbox 583 1082 665 1138; x_wconf 83' lang='lat' dir='ltr'><strong>haesit</strong></span> <span class='ocrx_word' id='word_1_120' title='bbox 691 1082 719 1138; x_wconf 92' lang='lat' dir='ltr'><strong>in</strong></span> <span class='ocrx_word' id='word_1_121' title='bbox 734 1085 854 1152; x_wconf 87' lang='lat' dir='ltr'><strong>gutture</strong></span> <span class='ocrx_word' id='word_1_122' title='bbox 871 1080 960 1138; x_wconf 90' lang='lat' dir='ltr'><strong>vocis.</strong></span> <span class='ocrx_word' id='word_1_123' title='bbox 1016 1081 1186 1152; x_wconf 89' lang='lat' dir='ltr'><strong>oratorium,</strong></span> <span class='ocrx_word' id='word_1_124' title='bbox 1200 1086 1412 1141; x_wconf 87' lang='lat' dir='ltr'><strong>statuentcsibi</strong></span> <span class='ocrx_word' id='word_1_125' title='bbox 1425 1085 1482 1142; x_wconf 93' lang='lat' dir='ltr'><strong>duo</strong></span> <span class='ocrx_word' id='word_1_126' title='bbox 1494 1086 1597 1143; x_wconf 91' lang='lat' dir='ltr'><strong>altaria</strong></span> <span class='ocrx_word' id='word_1_127' title='bbox 1613 1091 1840 1164; x_wconf 85' lang='lat' dir='ltr'><strong>:superiusqui-</strong></span> 
     </span>
     <span class='ocr_line' id='line_1_11' title="bbox 136 1168 1839 1248; baseline 0.005 -18"><span class='ocrx_word' id='word_1_128' title='bbox 136 1175 227 1231; x_wconf 86' lang='lat' dir='ltr'><strong>Tanto</strong></span> <span class='ocrx_word' id='word_1_129' title='bbox 243 1174 329 1230; x_wconf 92' lang='lat' dir='ltr'><strong>nobis</strong></span> <span class='ocrx_word' id='word_1_130' title='bbox 341 1171 457 1229; x_wconf 89' lang='lat' dir='ltr'><strong>vallatis</strong></span> <span class='ocrx_word' id='word_1_131' title='bbox 469 1170 610 1243; x_wconf 79' lang='lat' dir='ltr'><strong>periente,</strong></span> <span class='ocrx_word' id='word_1_132' title='bbox 626 1171 718 1228; x_wconf 92' lang='lat' dir='ltr'><strong>virum</strong></span> <span class='ocrx_word' id='word_1_133' title='bbox 743 1170 853 1227; x_wconf 82' lang='lat' dir='ltr'><strong>Domini</strong></span> <span class='ocrx_word' id='word_1_134' title='bbox 869 1170 897 1225; x_wconf 94' lang='lat' dir='ltr'><strong>in</strong></span> <span class='ocrx_word' id='word_1_135' title='bbox 914 1185 962 1241; x_wconf 94' lang='lat' dir='ltr'><strong>po·</strong></span> <span class='ocrx_word' id='word_1_136' title='bbox 1017 1169 1081 1224; x_wconf 88' lang='lat' dir='ltr'><strong>dem</strong></span> <span class='ocrx_word' id='word_1_137' title='bbox 1098 1168 1125 1224; x_wconf 91' lang='lat' dir='ltr'><strong>in</strong></span> <span class='ocrx_word' id='word_1_138' title='bbox 1141 1171 1251 1227; x_wconf 91' lang='lat' dir='ltr'><strong>honore</strong></span> <span class='ocrx_word' id='word_1_139' title='bbox 1267 1172 1433 1243; x_wconf 88' lang='lat' dir='ltr'><strong>archangeli</strong></span> <span class='ocrx_word' id='word_1_140' title='bbox 1456 1175 1613 1248; x_wconf 82' lang='lat' dir='ltr'><strong>Michaelis,</strong></span> <span class='ocrx_word' id='word_1_141' title='bbox 1632 1177 1755 1236; x_wconf 88' lang='lat' dir='ltr'><strong>inferius</strong></span> <span class='ocrx_word' id='word_1_142' title='bbox 1769 1195 1839 1239; x_wconf 89' lang='lat' dir='ltr'><strong>vero</strong></span> 
     </span>
     <span class='ocr_line' id='line_1_12' title="bbox 137 1255 1838 1332; baseline 0.005 -14"><span class='ocrx_word' id='word_1_143' title='bbox 137 1262 256 1319; x_wconf 90' lang='lat' dir='ltr'><strong>steriori</strong></span> <span class='ocrx_word' id='word_1_144' title='bbox 267 1261 350 1318; x_wconf 88' lang='lat' dir='ltr'><strong>navis</strong></span> <span class='ocrx_word' id='word_1_145' title='bbox 360 1264 442 1332; x_wconf 90' lang='lat' dir='ltr'><strong>parte</strong></span> <span class='ocrx_word' id='word_1_146' title='bbox 458 1258 683 1330; x_wconf 90' lang='lat' dir='ltr'><strong>residentem,et</strong></span> <span class='ocrx_word' id='word_1_147' title='bbox 697 1274 749 1315; x_wconf 92' lang='lat' dir='ltr'><strong>suo</strong></span> <span class='ocrx_word' id='word_1_148' title='bbox 764 1273 844 1315; x_wconf 90' lang='lat' dir='ltr'><strong>more</strong></span> <span class='ocrx_word' id='word_1_149' title='bbox 860 1257 960 1314; x_wconf 91' lang='lat' dir='ltr'><strong>nescio</strong></span> <span class='ocrx_word' id='word_1_150' title='bbox 1016 1255 1043 1310; x_wconf 92' lang='lat' dir='ltr'><strong>iu</strong></span> <span class='ocrx_word' id='word_1_151' title='bbox 1061 1259 1248 1314; x_wconf 88' lang='lat' dir='ltr'><strong>veneratione</strong></span> <span class='ocrx_word' id='word_1_152' title='bbox 1272 1260 1403 1318; x_wconf 86' lang='lat' dir='ltr'><strong>habenda</strong></span> <span class='ocrx_word' id='word_1_153' title='bbox 1421 1262 1497 1319; x_wconf 92' lang='lat' dir='ltr'><strong>beati</strong></span> <span class='ocrx_word' id='word_1_154' title='bbox 1520 1264 1633 1321; x_wconf 82' lang='lat' dir='ltr'><strong>Martini</strong></span> <span class='ocrx_word' id='word_1_155' title='bbox 1646 1267 1838 1327; x_wconf 86' lang='lat' dir='ltr'><strong>confessoris.</strong></span> 
     </span>
     <span class='ocr_line' id='line_1_13' title="bbox 137 1345 1839 1423; baseline 0.004 -15"><span class='ocrx_word' id='word_1_156' title='bbox 137 1351 207 1423; x_wconf 85' lang='lat' dir='ltr'><strong>quid</strong></span> <span class='ocrx_word' id='word_1_157' title='bbox 221 1349 329 1408; x_wconf 79' lang='lat' dir='ltr'><strong>secreti</strong></span> <span class='ocrx_word' id='word_1_158' title='bbox 350 1349 549 1420; x_wconf 82' lang='lat' dir='ltr'><strong>meditantem,</strong></span> <span class='ocrx_word' id='word_1_159' title='bbox 562 1353 701 1404; x_wconf 90' lang='lat' dir='ltr'><strong>eteorum</strong></span> <span class='ocrx_word' id='word_1_160' title='bbox 718 1363 781 1419; x_wconf 84' lang='lat' dir='ltr'><strong>quae</strong></span> <span class='ocrx_word' id='word_1_161' title='bbox 797 1347 881 1404; x_wconf 94' lang='lat' dir='ltr'><strong>nobis</strong></span> <span class='ocrx_word' id='word_1_162' title='bbox 895 1362 960 1404; x_wconf 89' lang='lat' dir='ltr'><strong>eve·</strong></span> <span class='ocrx_word' id='word_1_163' title='bbox 1015 1345 1073 1400; x_wconf 88' lang='lat' dir='ltr'><strong>Hoc</strong></span> <span class='ocrx_word' id='word_1_164' title='bbox 1089 1345 1117 1400; x_wconf 92' lang='lat' dir='ltr'><strong>in</strong></span> <span class='ocrx_word' id='word_1_165' title='bbox 1129 1346 1206 1402; x_wconf 88' lang='lat' dir='ltr'><strong>facto</strong></span> <span class='ocrx_word' id='word_1_166' title='bbox 1217 1348 1258 1402; x_wconf 93' lang='lat' dir='ltr'><strong>illi</strong></span> <span class='ocrx_word' id='word_1_167' title='bbox 1282 1350 1416 1406; x_wconf 87' lang='lat' dir='ltr'><strong>nimirum</strong></span> <span class='ocrx_word' id='word_1_168' title='bbox 1429 1352 1721 1412; x_wconf 87' lang='lat' dir='ltr'><strong>eumheatollartino</strong></span> <span class='ocrx_word' id='word_1_169' title='bbox 1734 1356 1839 1415; x_wconf 91' lang='lat' dir='ltr'><strong>similis</strong></span> 
     </span>
     <span class='ocr_line' id='line_1_14' title="bbox 136 1433 1838 1511; baseline 0.004 -16"><span class='ocrx_word' id='word_1_170' title='bbox 136 1438 523 1510; x_wconf 83' lang='lat' dir='ltr'><strong>nerantprorsusignarum,</strong></span> <span class='ocrx_word' id='word_1_171' title='bbox 541 1435 960 1507; x_wconf 87' lang='lat' dir='ltr'><strong>adii,etmortemomnimodis</strong></span> <span class='ocrx_word' id='word_1_172' title='bbox 1014 1433 1129 1488; x_wconf 79' lang='lat' dir='ltr'><strong>exstitit</strong></span> <span class='ocrx_word' id='word_1_173' title='bbox 1144 1438 1295 1507; x_wconf 88' lang='lat' dir='ltr'><strong>proportio</strong></span> <span class='ocrx_word' id='word_1_174' title='bbox 1310 1439 1441 1505; x_wconf 88' lang='lat' dir='ltr'><strong>virtutis,</strong></span> <span class='ocrx_word' id='word_1_175' title='bbox 1458 1439 1505 1510; x_wconf 93' lang='lat' dir='ltr'><strong>qni</strong></span> <span class='ocrx_word' id='word_1_176' title='bbox 1522 1440 1583 1511; x_wconf 91' lang='lat' dir='ltr'><strong>pari</strong></span> <span class='ocrx_word' id='word_1_177' title='bbox 1605 1441 1838 1503; x_wconf 88' lang='lat' dir='ltr'><strong>modosimiliter</strong></span> 
     </span>
     <span class='ocr_line' id='line_1_15' title="bbox 135 1520 1838 1601; baseline 0.004 -16"><span class='ocrx_word' id='word_1_178' title='bbox 135 1528 284 1585; x_wconf 88' lang='lat' dir='ltr'><strong>imminere</strong></span> <span class='ocrx_word' id='word_1_179' title='bbox 301 1527 441 1584; x_wconf 84' lang='lat' dir='ltr'><strong>nuntiavi.</strong></span> <span class='ocrx_word' id='word_1_180' title='bbox 455 1524 508 1592; x_wconf 86' lang='lat' dir='ltr'><strong>Qui</strong></span> <span class='ocrx_word' id='word_1_181' title='bbox 524 1525 658 1596; x_wconf 86' lang='lat' dir='ltr'><strong>protinus</strong></span> <span class='ocrx_word' id='word_1_182' title='bbox 669 1524 705 1580; x_wconf 88' lang='lat' dir='ltr'><strong>ad</strong></span> <span class='ocrx_word' id='word_1_183' title='bbox 717 1524 878 1580; x_wconf 88' lang='lat' dir='ltr'><strong>orationem</strong></span> <span class='ocrx_word' id='word_1_184' title='bbox 891 1539 959 1580; x_wconf 91' lang='lat' dir='ltr'><strong>eon·</strong></span> <span class='ocrx_word' id='word_1_185' title='bbox 1014 1520 1179 1580; x_wconf 90' lang='lat' dir='ltr'><strong>illustratus</strong></span> <span class='ocrx_word' id='word_1_186' title='bbox 1196 1524 1290 1581; x_wconf 91' lang='lat' dir='ltr'><strong>divina</strong></span> <span class='ocrx_word' id='word_1_187' title='bbox 1309 1527 1497 1599; x_wconf 84' lang='lat' dir='ltr'><strong>revelatione,</strong></span> <span class='ocrx_word' id='word_1_188' title='bbox 1517 1528 1654 1601; x_wconf 91' lang='lat' dir='ltr'><strong>populum</strong></span> <span class='ocrx_word' id='word_1_189' title='bbox 1678 1532 1807 1591; x_wconf 86' lang='lat' dir='ltr'><strong>absolvit</strong></span> <span class='ocrx_word' id='word_1_190' title='bbox 1822 1551 1838 1592; x_wconf 89' lang='lat' dir='ltr'><strong>a</strong></span> 
     </span>
     <span class='ocr_line' id='line_1_16' title="bbox 135 1609 1836 1695; baseline 0.003 -22"><span class='ocrx_word' id='word_1_191' title='bbox 135 1616 247 1685; x_wconf 88' lang='lat' dir='ltr'><strong>volans,</strong></span> <span class='ocrx_word' id='word_1_192' title='bbox 265 1620 332 1672; x_wconf 90' lang='lat' dir='ltr'><strong>nota</strong></span> <span class='ocrx_word' id='word_1_193' title='bbox 358 1613 504 1686; x_wconf 73' lang='lat' dir='ltr'><strong>presidia,</strong></span> <span class='ocrx_word' id='word_1_194' title='bbox 523 1619 689 1670; x_wconf 91' lang='lat' dir='ltr'><strong>sanctorum</strong></span> <span class='ocrx_word' id='word_1_195' title='bbox 706 1612 894 1670; x_wconf 88' lang='lat' dir='ltr'><strong>devotissime</strong></span> <span class='ocrx_word' id='word_1_196' title='bbox 909 1613 958 1668; x_wconf 91' lang='lat' dir='ltr'><strong>im·</strong></span> <span class='ocrx_word' id='word_1_197' title='bbox 1014 1609 1688 1688; x_wconf 82' lang='lat' dir='ltr'><strong>diabolicaetraunisseduettono,arudesnneta</strong></span> <span class='ocrx_word' id='word_1_198' title='bbox 1700 1619 1836 1695; x_wconf 87' lang='lat' dir='ltr'><strong>latronis,</strong></span> 
     </span>
     <span class='ocr_line' id='line_1_17' title="bbox 136 1698 1838 1789; baseline 0.005 -29"><span class='ocrx_word' id='word_1_199' title='bbox 136 1704 233 1776; x_wconf 83' lang='lat' dir='ltr'><strong>plorat</strong></span> <span class='ocrx_word' id='word_1_200' title='bbox 251 1703 398 1773; x_wconf 83' lang='lat' dir='ltr'><strong>suffragia,</strong></span> <span class='ocrx_word' id='word_1_201' title='bbox 429 1701 538 1757; x_wconf 72' lang='lat' dir='ltr'><strong>litaniae</strong></span> <span class='ocrx_word' id='word_1_202' title='bbox 564 1700 778 1774; x_wconf 89' lang='lat' dir='ltr'><strong>supplicatione</strong></span> <span class='ocrx_word' id='word_1_203' title='bbox 809 1700 954 1772; x_wconf 90' lang='lat' dir='ltr'><strong>imposita.</strong></span> <span class='ocrx_word' id='word_1_204' title='bbox 970 1725 999 1789; x_wconf 77' lang='grc' dir='ltr'><strong>Β</strong></span> <span class='ocrx_word' id='word_1_205' title='bbox 1014 1698 1061 1767; x_wconf 87' lang='lat' dir='ltr'><strong>qui</strong></span> <span class='ocrx_word' id='word_1_206' title='bbox 1079 1698 1106 1754; x_wconf 95' lang='lat' dir='ltr'><strong>in</strong></span> <span class='ocrx_word' id='word_1_207' title='bbox 1122 1701 1186 1756; x_wconf 91' lang='lat' dir='ltr'><strong>viee</strong></span> <span class='ocrx_word' id='word_1_208' title='bbox 1197 1701 1394 1759; x_wconf 86' lang='lat' dir='ltr'><strong>venerabatur</strong></span> <span class='ocrx_word' id='word_1_209' title='bbox 1410 1705 1557 1775; x_wconf 74' lang='lat' dir='ltr'><strong>martyris.</strong></span> <span class='ocrx_word' id='word_1_210' title='bbox 1571 1707 1621 1762; x_wconf 89' lang='lat' dir='ltr'><strong>llis</strong></span> <span class='ocrx_word' id='word_1_211' title='bbox 1636 1707 1676 1764; x_wconf 88' lang='lat' dir='ltr'><strong>ita</strong></span> <span class='ocrx_word' id='word_1_212' title='bbox 1690 1709 1747 1765; x_wconf 90' lang='lat' dir='ltr'><strong>rite</strong></span> <span class='ocrx_word' id='word_1_213' title='bbox 1763 1709 1838 1768; x_wconf 90' lang='lat' dir='ltr'><strong>eele-</strong></span> 
     </span>
     <span class='ocr_line' id='line_1_18' title="bbox 133 1787 1836 1866; baseline 0.005 -17"><span class='ocrx_word' id='word_1_214' title='bbox 133 1792 550 1849; x_wconf 83' lang='lat' dir='ltr'><strong>Dehinceumcrebrasanetae</strong></span> <span class='ocrx_word' id='word_1_215' title='bbox 561 1790 658 1845; x_wconf 90' lang='lat' dir='ltr'><strong>erucis</strong></span> <span class='ocrx_word' id='word_1_216' title='bbox 671 1789 844 1861; x_wconf 76' lang='lat' dir='ltr'><strong>obiectione,</strong></span> <span class='ocrx_word' id='word_1_217' title='bbox 862 1790 957 1846; x_wconf 90' lang='lat' dir='ltr'><strong>Salva-</strong></span> <span class='ocrx_word' id='word_1_218' title='bbox 1013 1787 1116 1858; x_wconf 89' lang='lat' dir='ltr'><strong>bratis,</strong></span> <span class='ocrx_word' id='word_1_219' title='bbox 1140 1789 1289 1846; x_wconf 86' lang='lat' dir='ltr'><strong>redierunt</strong></span> <span class='ocrx_word' id='word_1_220' title='bbox 1302 1795 1425 1862; x_wconf 89' lang='lat' dir='ltr'><strong>uterque</strong></span> <span class='ocrx_word' id='word_1_221' title='bbox 1437 1793 1473 1848; x_wconf 88' lang='lat' dir='ltr'><strong>ad</strong></span> <span class='ocrx_word' id='word_1_222' title='bbox 1490 1795 1607 1866; x_wconf 90' lang='lat' dir='ltr'><strong>propria</strong></span> <span class='ocrx_word' id='word_1_223' title='bbox 1624 1797 1713 1853; x_wconf 88' lang='lat' dir='ltr'><strong>ileum</strong></span> <span class='ocrx_word' id='word_1_224' title='bbox 1727 1798 1836 1857; x_wconf 85' lang='lat' dir='ltr'><strong>collau-</strong></span> 
     </span>
     <span class='ocr_line' id='line_1_19' title="bbox 133 1874 1269 1951; baseline -0.003 -16"><span class='ocrx_word' id='word_1_225' title='bbox 133 1878 384 1951; x_wconf 88' lang='lat' dir='ltr'><strong>tormundi,salva</strong></span> <span class='ocrx_word' id='word_1_226' title='bbox 401 1878 554 1949; x_wconf 89' lang='lat' dir='ltr'><strong>nos,eoepit</strong></span> <span class='ocrx_word' id='word_1_227' title='bbox 565 1891 679 1933; x_wconf 87' lang='lat' dir='ltr'><strong>canere.</strong></span> <span class='ocrx_word' id='word_1_228' title='bbox 697 1876 751 1943; x_wconf 85' lang='lat' dir='ltr'><strong>Qui</strong></span> <span class='ocrx_word' id='word_1_229' title='bbox 765 1892 817 1948; x_wconf 88' lang='lat' dir='ltr'><strong>per</strong></span> <span class='ocrx_word' id='word_1_230' title='bbox 829 1892 954 1949; x_wconf 89' lang='lat' dir='ltr'><strong>erucem,</strong></span> <span class='ocrx_word' id='word_1_231' title='bbox 1012 1874 1115 1931; x_wconf 89' lang='lat' dir='ltr'><strong>dantes</strong></span> <span class='ocrx_word' id='word_1_232' title='bbox 1126 1876 1154 1931; x_wconf 96' lang='lat' dir='ltr'><strong>in</strong></span> <span class='ocrx_word' id='word_1_233' title='bbox 1166 1877 1269 1946; x_wconf 86' lang='lat' dir='ltr'><strong>jubilo.</strong></span> 
     </span>
    </p>

    <p class='ocr_par' dir='ltr' id='par_1_3' title="bbox 132 1963 1835 2222">
     <span class='ocr_line' id='line_1_20' title="bbox 134 1963 1835 2046; baseline 0.005 -22"><span class='ocrx_word' id='word_1_234' title='bbox 134 1969 280 2040; x_wconf 69' lang='lat' dir='ltr'><strong>inquiens</strong></span> <span class='ocrx_word' id='word_1_235' title='bbox 302 1972 331 2023; x_wconf 91' lang='lat' dir='ltr'><strong>et</strong></span> <span class='ocrx_word' id='word_1_236' title='bbox 351 1967 519 2036; x_wconf 85' lang='lat' dir='ltr'><strong>sanguinem</strong></span> <span class='ocrx_word' id='word_1_237' title='bbox 546 1964 696 2022; x_wconf 89' lang='lat' dir='ltr'><strong>redemisti</strong></span> <span class='ocrx_word' id='word_1_238' title='bbox 711 1980 772 2036; x_wconf 85' lang='lat' dir='ltr'><strong>nos,</strong></span> <span class='ocrx_word' id='word_1_239' title='bbox 803 1966 953 2023; x_wconf 88' lang='lat' dir='ltr'><strong>auxiliare.</strong></span> <span class='ocrx_word' id='word_1_240' title='bbox 1047 1963 1173 2020; x_wconf 78' lang='lat' dir='ltr'><strong>aalllud</strong></span> <span class='ocrx_word' id='word_1_241' title='bbox 1185 1966 1272 2022; x_wconf 91' lang='lat' dir='ltr'><strong>etiam</strong></span> <span class='ocrx_word' id='word_1_242' title='bbox 1287 1983 1342 2023; x_wconf 92' lang='lat' dir='ltr'><strong>non</strong></span> <span class='ocrx_word' id='word_1_243' title='bbox 1356 1969 1537 2025; x_wconf 88' lang='lat' dir='ltr'><strong>reticendum</strong></span> <span class='ocrx_word' id='word_1_244' title='bbox 1550 1971 1680 2029; x_wconf 90' lang='lat' dir='ltr'><strong>arbitror</strong></span> <span class='ocrx_word' id='word_1_245' title='bbox 1691 1973 1835 2046; x_wconf 82' lang='lat' dir='ltr'><strong>reigestae</strong></span> 
     </span>
     <span class='ocr_line' id='line_1_21' title="bbox 133 2051 1835 2125; baseline 0.004 -10"><span class='ocrx_word' id='word_1_246' title='bbox 133 2054 957 2125; x_wconf 86' lang='lat' dir='ltr'><strong>Hortaturdehine,resumptisviribnsconstanterremi·</strong></span> <span class='ocrx_word' id='word_1_247' title='bbox 1011 2051 1202 2124; x_wconf 89' lang='lat' dir='ltr'><strong>miraculum,</strong></span> <span class='ocrx_word' id='word_1_248' title='bbox 1232 2053 1308 2125; x_wconf 91' lang='lat' dir='ltr'><strong>quod</strong></span> <span class='ocrx_word' id='word_1_249' title='bbox 1339 2056 1464 2113; x_wconf 91' lang='lat' dir='ltr'><strong>vidimus</strong></span> <span class='ocrx_word' id='word_1_250' title='bbox 1492 2057 1553 2114; x_wconf 79' lang='lat' dir='ltr'><strong>fieri</strong></span> <span class='ocrx_word' id='word_1_251' title='bbox 1583 2061 1636 2116; x_wconf 94' lang='lat' dir='ltr'><strong>snb</strong></span> <span class='ocrx_word' id='word_1_252' title='bbox 1664 2063 1835 2122; x_wconf 88' lang='lat' dir='ltr'><strong>testimonio</strong></span> 
     </span>
     <span class='ocr_line' id='line_1_22' title="bbox 132 2140 1835 2222; baseline 0.004 -19"><span class='ocrx_word' id='word_1_253' title='bbox 132 2161 202 2218; x_wconf 86' lang='lat' dir='ltr'><strong>gare</strong></span> <span class='ocrx_word' id='word_1_254' title='bbox 218 2146 307 2214; x_wconf 89' lang='lat' dir='ltr'><strong>viros,</strong></span> <span class='ocrx_word' id='word_1_255' title='bbox 325 2144 404 2200; x_wconf 92' lang='lat' dir='ltr'><strong>nullo</strong></span> <span class='ocrx_word' id='word_1_256' title='bbox 420 2148 497 2200; x_wconf 93' lang='lat' dir='ltr'><strong>metu</strong></span> <span class='ocrx_word' id='word_1_257' title='bbox 527 2143 629 2199; x_wconf 92' lang='lat' dir='ltr'><strong>mortis</strong></span> <span class='ocrx_word' id='word_1_258' title='bbox 650 2143 776 2214; x_wconf 88' lang='lat' dir='ltr'><strong>concuti,</strong></span> <span class='ocrx_word' id='word_1_259' title='bbox 794 2142 903 2199; x_wconf 89' lang='lat' dir='ltr'><strong>nullum</strong></span> <span class='ocrx_word' id='word_1_260' title='bbox 919 2158 956 2199; x_wconf 89' lang='lat' dir='ltr'><strong>ex</strong></span> <span class='ocrx_word' id='word_1_261' title='bbox 1010 2140 1137 2197; x_wconf 90' lang='lat' dir='ltr'><strong>omnium</strong></span> <span class='ocrx_word' id='word_1_262' title='bbox 1166 2142 1298 2212; x_wconf 77' lang='lat' dir='ltr'><strong>fratrum,</strong></span> <span class='ocrx_word' id='word_1_263' title='bbox 1319 2150 1348 2201; x_wconf 92' lang='lat' dir='ltr'><strong>et</strong></span> <span class='ocrx_word' id='word_1_264' title='bbox 1377 2149 1432 2216; x_wconf 91' lang='lat' dir='ltr'><strong>est,</strong></span> <span class='ocrx_word' id='word_1_265' title='bbox 1458 2147 1531 2202; x_wconf 87' lang='lat' dir='ltr'><strong>fama</strong></span> <span class='ocrx_word' id='word_1_266' title='bbox 1547 2147 1694 2222; x_wconf 81' lang='lat' dir='ltr'><strong>vulgante,</strong></span> <span class='ocrx_word' id='word_1_267' title='bbox 1712 2151 1835 2210; x_wconf 86' lang='lat' dir='ltr'><strong>eircum-</strong></span> 
     </span>
    </p>
   </div>
   <div class='ocr_carea' id='block_1_3' title="bbox 129 2231 955 3013">
    <p class='ocr_par' dir='ltr' id='par_1_4' title="bbox 129 2231 955 3013">
     <span class='ocr_line' id='line_1_23' title="bbox 132 2231 955 2304; baseline -0.004 -13"><span class='ocrx_word' id='word_1_268' title='bbox 132 2235 176 2291; x_wconf 88' lang='lat' dir='ltr'><strong>eis</strong></span> <span class='ocrx_word' id='word_1_269' title='bbox 193 2246 328 2290; x_wconf 89' lang='lat' dir='ltr'><strong>asserens</strong></span> <span class='ocrx_word' id='word_1_270' title='bbox 341 2233 503 2304; x_wconf 91' lang='lat' dir='ltr'><strong>periturum</strong></span> <span class='ocrx_word' id='word_1_271' title='bbox 516 2231 698 2303; x_wconf 90' lang='lat' dir='ltr'><strong>providentia</strong></span> <span class='ocrx_word' id='word_1_272' title='bbox 711 2232 769 2287; x_wconf 88' lang='lat' dir='ltr'><strong>bei.</strong></span> <span class='ocrx_word' id='word_1_273' title='bbox 783 2233 841 2288; x_wconf 90' lang='lat' dir='ltr'><strong>llac</strong></span> <span class='ocrx_word' id='word_1_274' title='bbox 853 2233 955 2289; x_wconf 86' lang='lat' dir='ltr'><strong>exhor-</strong></span> 
     </span>
     <span class='ocr_line' id='line_1_24' title="bbox 132 2320 954 2391; baseline -0.004 -12"><span class='ocrx_word' id='word_1_275' title='bbox 132 2323 243 2379; x_wconf 90' lang='lat' dir='ltr'><strong>tatione</strong></span> <span class='ocrx_word' id='word_1_276' title='bbox 267 2321 395 2391; x_wconf 87' lang='lat' dir='ltr'><strong>animati‚</strong></span> <span class='ocrx_word' id='word_1_277' title='bbox 427 2325 456 2376; x_wconf 91' lang='lat' dir='ltr'><strong>et</strong></span> <span class='ocrx_word' id='word_1_278' title='bbox 473 2321 607 2390; x_wconf 92' lang='lat' dir='ltr'><strong>quoniam</strong></span> <span class='ocrx_word' id='word_1_279' title='bbox 622 2335 670 2376; x_wconf 89' lang='lat' dir='ltr'><strong>res</strong></span> <span class='ocrx_word' id='word_1_280' title='bbox 685 2335 738 2391; x_wconf 90' lang='lat' dir='ltr'><strong>pro</strong></span> <span class='ocrx_word' id='word_1_281' title='bbox 752 2321 844 2376; x_wconf 89' lang='lat' dir='ltr'><strong>anima</strong></span> <span class='ocrx_word' id='word_1_282' title='bbox 860 2320 954 2376; x_wconf 89' lang='lat' dir='ltr'><strong>fuerat</strong></span> 
     </span>
     <span class='ocr_line' id='line_1_25' title="bbox 131 2406 953 2481; baseline 0 -15"><span class='ocrx_word' id='word_1_283' title='bbox 131 2408 276 2481; x_wconf 90' lang='lat' dir='ltr'><strong>illis,dum</strong></span> <span class='ocrx_word' id='word_1_284' title='bbox 290 2406 450 2464; x_wconf 87' lang='lat' dir='ltr'><strong>fortiterad</strong></span> <span class='ocrx_word' id='word_1_285' title='bbox 461 2407 546 2464; x_wconf 90' lang='lat' dir='ltr'><strong>littus</strong></span> <span class='ocrx_word' id='word_1_286' title='bbox 559 2409 690 2479; x_wconf 91' lang='lat' dir='ltr'><strong>tendunt,</strong></span> <span class='ocrx_word' id='word_1_287' title='bbox 704 2407 953 2480; x_wconf 84' lang='lat' dir='ltr'><strong>viriliteraequora</strong></span> 
     </span>
     <span class='ocr_line' id='line_1_26' title="bbox 132 2496 955 2571; baseline 0 -16"><span class='ocrx_word' id='word_1_288' title='bbox 132 2496 955 2571; x_wconf 86' lang='lat' dir='ltr'><strong>scindunt.lntereamiserabilisclamorutriusquesexus</strong></span> 
     </span>
     <span class='ocr_line' id='line_1_27' title="bbox 131 2584 954 2659; baseline 0 -17"><span class='ocrx_word' id='word_1_289' title='bbox 131 2601 220 2659; x_wconf 90' lang='lat' dir='ltr'><strong>super</strong></span> <span class='ocrx_word' id='word_1_290' title='bbox 229 2586 315 2642; x_wconf 92' lang='lat' dir='ltr'><strong>littus</strong></span> <span class='ocrx_word' id='word_1_291' title='bbox 326 2584 705 2641; x_wconf 87' lang='lat' dir='ltr'><strong>consistentinmattollitnr</strong></span> <span class='ocrx_word' id='word_1_292' title='bbox 717 2585 744 2639; x_wconf 92' lang='lat' dir='ltr'><strong>in</strong></span> <span class='ocrx_word' id='word_1_293' title='bbox 755 2585 870 2657; x_wconf 87' lang='lat' dir='ltr'><strong>eoelum,</strong></span> <span class='ocrx_word' id='word_1_294' title='bbox 880 2587 954 2659; x_wconf 91' lang='lat' dir='ltr'><strong>peri-</strong></span> 
     </span>
     <span class='ocr_line' id='line_1_28' title="bbox 130 2673 953 2740; baseline 0 -8"><span class='ocrx_word' id='word_1_295' title='bbox 130 2675 229 2732; x_wconf 90' lang='lat' dir='ltr'><strong>culum</strong></span> <span class='ocrx_word' id='word_1_296' title='bbox 251 2678 385 2730; x_wconf 91' lang='lat' dir='ltr'><strong>nostrum</strong></span> <span class='ocrx_word' id='word_1_297' title='bbox 409 2673 522 2728; x_wconf 92' lang='lat' dir='ltr'><strong>eminus</strong></span> <span class='ocrx_word' id='word_1_298' title='bbox 551 2673 734 2729; x_wconf 92' lang='lat' dir='ltr'><strong>intuentium.</strong></span> <span class='ocrx_word' id='word_1_299' title='bbox 765 2673 840 2740; x_wconf 85' lang='lat' dir='ltr'><strong>Quid</strong></span> <span class='ocrx_word' id='word_1_300' title='bbox 855 2675 953 2732; x_wconf 92' lang='lat' dir='ltr'><strong>multis</strong></span> 
     </span>
     <span class='ocr_line' id='line_1_29' title="bbox 130 2761 952 2834; baseline -0.001 -13"><span class='ocrx_word' id='word_1_301' title='bbox 130 2766 240 2821; x_wconf 81' lang='lat' dir='ltr'><strong>morer?</strong></span> <span class='ocrx_word' id='word_1_302' title='bbox 259 2763 337 2819; x_wconf 92' lang='lat' dir='ltr'><strong>lnter</strong></span> <span class='ocrx_word' id='word_1_303' title='bbox 349 2761 474 2818; x_wconf 89' lang='lat' dir='ltr'><strong>confinia</strong></span> <span class='ocrx_word' id='word_1_304' title='bbox 495 2762 580 2833; x_wconf 91' lang='lat' dir='ltr'><strong>positi</strong></span> <span class='ocrx_word' id='word_1_305' title='bbox 591 2763 694 2818; x_wconf 90' lang='lat' dir='ltr'><strong>mortis</strong></span> <span class='ocrx_word' id='word_1_306' title='bbox 705 2768 733 2818; x_wconf 91' lang='lat' dir='ltr'><strong>et</strong></span> <span class='ocrx_word' id='word_1_307' title='bbox 745 2764 823 2834; x_wconf 87' lang='lat' dir='ltr'><strong>vitae,</strong></span> <span class='ocrx_word' id='word_1_308' title='bbox 837 2765 952 2821; x_wconf 91' lang='lat' dir='ltr'><strong>tandem</strong></span> 
     </span>
     <span class='ocr_line' id='line_1_30' title="bbox 129 2850 952 2926; baseline 0.002 -18"><span class='ocrx_word' id='word_1_309' title='bbox 129 2853 311 2926; x_wconf 88' lang='lat' dir='ltr'><strong>perlabimur</strong></span> <span class='ocrx_word' id='word_1_310' title='bbox 331 2850 366 2907; x_wconf 91' lang='lat' dir='ltr'><strong>ad</strong></span> <span class='ocrx_word' id='word_1_311' title='bbox 378 2851 483 2921; x_wconf 91' lang='lat' dir='ltr'><strong>locum,</strong></span> <span class='ocrx_word' id='word_1_312' title='bbox 507 2851 554 2907; x_wconf 91' lang='lat' dir='ltr'><strong>ubi</strong></span> <span class='ocrx_word' id='word_1_313' title='bbox 566 2850 722 2907; x_wconf 88' lang='lat' dir='ltr'><strong>multitudo</strong></span> <span class='ocrx_word' id='word_1_314' title='bbox 733 2852 848 2908; x_wconf 91' lang='lat' dir='ltr'><strong>navium</strong></span> <span class='ocrx_word' id='word_1_315' title='bbox 864 2852 952 2910; x_wconf 88' lang='lat' dir='ltr'><strong>latius</strong></span> 
     </span>
     <span class='ocr_line' id='line_1_31' title="bbox 129 2938 952 3013; baseline 0 -15"><span class='ocrx_word' id='word_1_316' title='bbox 129 2941 221 2999; x_wconf 81' lang='lat' dir='ltr'><strong>libeni</strong></span> <span class='ocrx_word' id='word_1_317' title='bbox 246 2944 440 3013; x_wconf 87' lang='lat' dir='ltr'><strong>occupaverat</strong></span> <span class='ocrx_word' id='word_1_318' title='bbox 456 2940 559 2996; x_wconf 90' lang='lat' dir='ltr'><strong>sinum.</strong></span> <span class='ocrx_word' id='word_1_319' title='bbox 577 2938 654 3006; x_wconf 82' lang='lat' dir='ltr'><strong>Quas</strong></span> <span class='ocrx_word' id='word_1_320' title='bbox 668 2940 854 3010; x_wconf 89' lang='lat' dir='ltr'><strong>attingentes,</strong></span> <span class='ocrx_word' id='word_1_321' title='bbox 871 2945 901 2997; x_wconf 92' lang='lat' dir='ltr'><strong>et</strong></span> <span class='ocrx_word' id='word_1_322' title='bbox 916 2956 952 2999; x_wconf 88' lang='lat' dir='ltr'><strong>ex</strong></span> 
     </span>
    </p>
   </div>
   <div class='ocr_carea' id='block_1_4' title="bbox 1007 2231 1837 3012">
    <p class='ocr_par' dir='ltr' id='par_1_5' title="bbox 1007 2231 1837 3012">
     <span class='ocr_line' id='line_1_32' title="bbox 1011 2231 1836 2309; baseline 0.019 -25"><span class='ocrx_word' id='word_1_323' title='bbox 1011 2243 1125 2300; x_wconf 88' lang='lat' dir='ltr'><strong>quaque</strong></span> <span class='ocrx_word' id='word_1_324' title='bbox 1150 2231 1343 2289; x_wconf 89' lang='lat' dir='ltr'><strong>notissimum.</strong></span> <span class='ocrx_word' id='word_1_325' title='bbox 1361 2233 1463 2290; x_wconf 89' lang='lat' dir='ltr'><strong>llulier</strong></span> <span class='ocrx_word' id='word_1_326' title='bbox 1492 2239 1633 2309; x_wconf 78' lang='lat' dir='ltr'><strong>quadam,</strong></span> <span class='ocrx_word' id='word_1_327' title='bbox 1666 2239 1836 2300; x_wconf 73' lang='lat' dir='ltr'><strong>adelheidis</strong></span> 
     </span>
     <span class='ocr_line' id='line_1_33' title="bbox 1010 2318 1837 2398; baseline 0.019 -26"><span class='ocrx_word' id='word_1_328' title='bbox 1010 2318 1135 2388; x_wconf 90' lang='lat' dir='ltr'><strong>nomine,</strong></span> <span class='ocrx_word' id='word_1_329' title='bbox 1154 2319 1243 2376; x_wconf 90' lang='lat' dir='ltr'><strong>variis</strong></span> <span class='ocrx_word' id='word_1_330' title='bbox 1267 2321 1394 2379; x_wconf 89' lang='lat' dir='ltr'><strong>omnium</strong></span> <span class='ocrx_word' id='word_1_331' title='bbox 1420 2322 1614 2381; x_wconf 88' lang='lat' dir='ltr'><strong>membrorum</strong></span> <span class='ocrx_word' id='word_1_332' title='bbox 1644 2326 1837 2398; x_wconf 84' lang='lat' dir='ltr'><strong>languoribus</strong></span> 
     </span>
     <span class='ocr_line' id='line_1_34' title="bbox 1009 2408 1835 2478; baseline 0.018 -16"><span class='ocrx_word' id='word_1_333' title='bbox 1009 2421 1160 2478; x_wconf 90' lang='lat' dir='ltr'><strong>oppressa,</strong></span> <span class='ocrx_word' id='word_1_334' title='bbox 1178 2408 1212 2463; x_wconf 89' lang='lat' dir='ltr'><strong>ad</strong></span> <span class='ocrx_word' id='word_1_335' title='bbox 1232 2409 1308 2464; x_wconf 92' lang='lat' dir='ltr'><strong>beati</strong></span> <span class='ocrx_word' id='word_1_336' title='bbox 1322 2409 1431 2466; x_wconf 89' lang='lat' dir='ltr'><strong>Nicolai</strong></span> <span class='ocrx_word' id='word_1_337' title='bbox 1444 2410 1471 2465; x_wconf 91' lang='lat' dir='ltr'><strong>iu</strong></span> <span class='ocrx_word' id='word_1_338' title='bbox 1486 2412 1725 2473; x_wconf 80' lang='lat' dir='ltr'><strong>brunwillerensi</strong></span> <span class='ocrx_word' id='word_1_339' title='bbox 1739 2432 1835 2476; x_wconf 78' lang='lat' dir='ltr'><strong>coene</strong></span> 
     </span>
     <span class='ocr_line' id='line_1_35' title="bbox 1010 2493 1833 2577; baseline 0.019 -29"><span class='ocrx_word' id='word_1_340' title='bbox 1010 2493 1057 2550; x_wconf 93' lang='lat' dir='ltr'><strong>bio</strong></span> <span class='ocrx_word' id='word_1_341' title='bbox 1068 2494 1177 2566; x_wconf 91' lang='lat' dir='ltr'><strong>limina,</strong></span> <span class='ocrx_word' id='word_1_342' title='bbox 1191 2499 1399 2568; x_wconf 70' lang='lat' dir='ltr'><strong>recuperande</strong></span> <span class='ocrx_word' id='word_1_343' title='bbox 1412 2499 1517 2556; x_wconf 88' lang='lat' dir='ltr'><strong>salutis</strong></span> <span class='ocrx_word' id='word_1_344' title='bbox 1527 2502 1633 2574; x_wconf 83' lang='lat' dir='ltr'><strong>gratia,</strong></span> <span class='ocrx_word' id='word_1_345' title='bbox 1651 2509 1695 2561; x_wconf 91' lang='lat' dir='ltr'><strong>est</strong></span> <span class='ocrx_word' id='word_1_346' title='bbox 1707 2507 1833 2577; x_wconf 86' lang='lat' dir='ltr'><strong>perlata.</strong></span> 
     </span>
     <span class='ocr_line' id='line_1_36' title="bbox 1009 2580 1835 2664; baseline 0.017 -27"><span class='ocrx_word' id='word_1_347' title='bbox 1009 2580 1088 2652; x_wconf 72' lang='lat' dir='ltr'><strong>Quae,</strong></span> <span class='ocrx_word' id='word_1_348' title='bbox 1105 2599 1169 2639; x_wconf 94' lang='lat' dir='ltr'><strong>eum</strong></span> <span class='ocrx_word' id='word_1_349' title='bbox 1183 2583 1360 2642; x_wconf 90' lang='lat' dir='ltr'><strong>detrimento</strong></span> <span class='ocrx_word' id='word_1_350' title='bbox 1371 2588 1498 2643; x_wconf 90' lang='lat' dir='ltr'><strong>omnium</strong></span> <span class='ocrx_word' id='word_1_351' title='bbox 1513 2591 1719 2664; x_wconf 90' lang='lat' dir='ltr'><strong>membrorum,</strong></span> <span class='ocrx_word' id='word_1_352' title='bbox 1737 2595 1835 2653; x_wconf 92' lang='lat' dir='ltr'><strong>oecul-</strong></span> 
     </span>
     <span class='ocr_line' id='line_1_37' title="bbox 1009 2671 1834 2742; baseline 0.021 -17"><span class='ocrx_word' id='word_1_353' title='bbox 1009 2671 1047 2726; x_wconf 95' lang='lat' dir='ltr'><strong>tis</strong></span> <span class='ocrx_word' id='word_1_354' title='bbox 1063 2671 1150 2728; x_wconf 92' lang='lat' dir='ltr'><strong>etiam</strong></span> <span class='ocrx_word' id='word_1_355' title='bbox 1168 2673 1313 2730; x_wconf 90' lang='lat' dir='ltr'><strong>viscerum</strong></span> <span class='ocrx_word' id='word_1_356' title='bbox 1339 2674 1491 2733; x_wconf 91' lang='lat' dir='ltr'><strong>doloribus</strong></span> <span class='ocrx_word' id='word_1_357' title='bbox 1506 2692 1539 2734; x_wconf 90' lang='lat' dir='ltr'><strong>ae</strong></span> <span class='ocrx_word' id='word_1_358' title='bbox 1551 2693 1608 2735; x_wconf 93' lang='lat' dir='ltr'><strong>non</strong></span> <span class='ocrx_word' id='word_1_359' title='bbox 1625 2680 1753 2740; x_wconf 88' lang='lat' dir='ltr'><strong>ferendis</strong></span> <span class='ocrx_word' id='word_1_360' title='bbox 1769 2698 1834 2742; x_wconf 92' lang='lat' dir='ltr'><strong>cru·</strong></span> 
     </span>
     <span class='ocr_line' id='line_1_38' title="bbox 1007 2759 1832 2837; baseline 0.021 -23"><span class='ocrx_word' id='word_1_361' title='bbox 1007 2759 1133 2817; x_wconf 88' lang='lat' dir='ltr'><strong>cialibus</strong></span> <span class='ocrx_word' id='word_1_362' title='bbox 1149 2762 1346 2834; x_wconf 84' lang='lat' dir='ltr'><strong>quatiebatur,</strong></span> <span class='ocrx_word' id='word_1_363' title='bbox 1365 2764 1405 2820; x_wconf 90' lang='lat' dir='ltr'><strong>ita</strong></span> <span class='ocrx_word' id='word_1_364' title='bbox 1422 2768 1453 2820; x_wconf 91' lang='lat' dir='ltr'><strong>ut</strong></span> <span class='ocrx_word' id='word_1_365' title='bbox 1469 2767 1563 2822; x_wconf 94' lang='lat' dir='ltr'><strong>omnis</strong></span> <span class='ocrx_word' id='word_1_366' title='bbox 1578 2769 1695 2837; x_wconf 81' lang='lat' dir='ltr'><strong>generis</strong></span> <span class='ocrx_word' id='word_1_367' title='bbox 1711 2784 1832 2831; x_wconf 74' lang='lat' dir='ltr'><strong>annona</strong></span> 
     </span>
     <span class='ocr_line' id='line_1_39' title="bbox 1009 2849 1833 2932; baseline 0.018 -29"><span class='ocrx_word' id='word_1_368' title='bbox 1009 2862 1109 2919; x_wconf 89' lang='lat' dir='ltr'><strong>panem</strong></span> <span class='ocrx_word' id='word_1_369' title='bbox 1125 2849 1198 2906; x_wconf 91' lang='lat' dir='ltr'><strong>adeo</strong></span> <span class='ocrx_word' id='word_1_370' title='bbox 1211 2851 1365 2921; x_wconf 77' lang='lat' dir='ltr'><strong>fastidiret,</strong></span> <span class='ocrx_word' id='word_1_371' title='bbox 1375 2858 1406 2908; x_wconf 90' lang='lat' dir='ltr'><strong>ut</strong></span> <span class='ocrx_word' id='word_1_372' title='bbox 1421 2868 1477 2910; x_wconf 89' lang='lat' dir='ltr'><strong>nou</strong></span> <span class='ocrx_word' id='word_1_373' title='bbox 1490 2854 1582 2912; x_wconf 94' lang='lat' dir='ltr'><strong>solum</strong></span> <span class='ocrx_word' id='word_1_374' title='bbox 1592 2864 1724 2932; x_wconf 85' lang='lat' dir='ltr'><strong>gustare,</strong></span> <span class='ocrx_word' id='word_1_375' title='bbox 1741 2860 1833 2918; x_wconf 86' lang='lat' dir='ltr'><strong>sedet</strong></span> 
     </span>
     <span class='ocr_line' id='line_1_40' title="bbox 1007 2937 1834 3012; baseline 0.019 -20"><span class='ocrx_word' id='word_1_376' title='bbox 1007 2937 1113 2993; x_wconf 90' lang='lat' dir='ltr'><strong>vitaret</strong></span> <span class='ocrx_word' id='word_1_377' title='bbox 1131 2939 1284 3009; x_wconf 90' lang='lat' dir='ltr'><strong>attingere.</strong></span> <span class='ocrx_word' id='word_1_378' title='bbox 1297 2942 1364 2997; x_wconf 75' lang='lat' dir='ltr'><strong>llaec</strong></span> <span class='ocrx_word' id='word_1_379' title='bbox 1379 2941 1495 3012; x_wconf 91' lang='lat' dir='ltr'><strong>quidem</strong></span> <span class='ocrx_word' id='word_1_380' title='bbox 1507 2944 1584 3000; x_wconf 89' lang='lat' dir='ltr'><strong>beati</strong></span> <span class='ocrx_word' id='word_1_381' title='bbox 1596 2946 1708 3004; x_wconf 87' lang='lat' dir='ltr'><strong>Nicolai</strong></span> <span class='ocrx_word' id='word_1_382' title='bbox 1720 2950 1834 3008; x_wconf 89' lang='lat' dir='ltr'><strong>meritis</strong></span> 
     </span>
    </p>
   </div>
   <div class='ocr_carea' id='block_1_5' title="bbox 129 3025 1830 3101">
    <p class='ocr_par' dir='ltr' id='par_1_6' title="bbox 129 3025 1830 3101">
     <span class='ocr_line' id='line_1_41' title="bbox 129 3025 1830 3101; baseline 0.005 -14"><span class='ocrx_word' id='word_1_383' title='bbox 129 3029 224 3088; x_wconf 89' lang='lat' dir='ltr'><strong>altera</strong></span> <span class='ocrx_word' id='word_1_384' title='bbox 235 3031 263 3086; x_wconf 93' lang='lat' dir='ltr'><strong>in</strong></span> <span class='ocrx_word' id='word_1_385' title='bbox 279 3030 401 3087; x_wconf 91' lang='lat' dir='ltr'><strong>alteram</strong></span> <span class='ocrx_word' id='word_1_386' title='bbox 417 3028 669 3100; x_wconf 83' lang='lat' dir='ltr'><strong>transmigrantes,</strong></span> <span class='ocrx_word' id='word_1_387' title='bbox 683 3028 766 3098; x_wconf 79' lang='lat' dir='ltr'><strong>juxta</strong></span> <span class='ocrx_word' id='word_1_388' title='bbox 780 3029 835 3086; x_wconf 89' lang='lat' dir='ltr'><strong>viri</strong></span> <span class='ocrx_word' id='word_1_389' title='bbox 845 3032 894 3086; x_wconf 87' lang='lat' dir='ltr'><strong>lter</strong></span> <span class='ocrx_word' id='word_1_390' title='bbox 903 3046 952 3088; x_wconf 93' lang='lat' dir='ltr'><strong>vo·</strong></span> <span class='ocrx_word' id='word_1_391' title='bbox 1006 3025 1130 3082; x_wconf 90' lang='lat' dir='ltr'><strong>celerem</strong></span> <span class='ocrx_word' id='word_1_392' title='bbox 1144 3027 1315 3097; x_wconf 90' lang='lat' dir='ltr'><strong>sospitatem</strong></span> <span class='ocrx_word' id='word_1_393' title='bbox 1332 3030 1442 3101; x_wconf 91' lang='lat' dir='ltr'><strong>recepit</strong></span> <span class='ocrx_word' id='word_1_394' title='bbox 1459 3031 1486 3087; x_wconf 92' lang='lat' dir='ltr'><strong>in</strong></span> <span class='ocrx_word' id='word_1_395' title='bbox 1504 3034 1651 3090; x_wconf 90' lang='lat' dir='ltr'><strong>memhris.</strong></span> <span class='ocrx_word' id='word_1_396' title='bbox 1675 3035 1830 3095; x_wconf 83' lang='lat' dir='ltr'><strong>Verumta-</strong></span> 
     </span>
    </p>
   </div>
   <div class='ocr_carea' id='block_1_6' title="bbox 102 3118 950 4255">
    <p class='ocr_par' dir='ltr' id='par_1_7' title="bbox 102 3118 950 4152">
     <span class='ocr_line' id='line_1_42' title="bbox 129 3118 949 3193; baseline -0.002 -16"><span class='ocrx_word' id='word_1_397' title='bbox 129 3134 201 3190; x_wconf 89' lang='lat' dir='ltr'><strong>cem,</strong></span> <span class='ocrx_word' id='word_1_398' title='bbox 220 3124 327 3193; x_wconf 80' lang='lat' dir='ltr'><strong>prater</strong></span> <span class='ocrx_word' id='word_1_399' title='bbox 343 3133 424 3190; x_wconf 90' lang='lat' dir='ltr'><strong>spem</strong></span> <span class='ocrx_word' id='word_1_400' title='bbox 447 3118 594 3174; x_wconf 86' lang='lat' dir='ltr'><strong>evasimus</strong></span> <span class='ocrx_word' id='word_1_401' title='bbox 619 3133 728 3173; x_wconf 88' lang='lat' dir='ltr'><strong>ournes.</strong></span> <span class='ocrx_word' id='word_1_402' title='bbox 745 3118 949 3175; x_wconf 85' lang='lat' dir='ltr'><strong>Verumtamen</strong></span> 
     </span>
     <span class='ocr_line' id='line_1_43' title="bbox 102 3204 947 3279; baseline -0.001 -14"><span class='ocrx_word' id='word_1_403' title='bbox 102 3250 107 3254; x_wconf 84' lang='lat'><em>-</em></span> <span class='ocrx_word' id='word_1_404' title='bbox 128 3222 164 3265; x_wconf 93' lang='lat' dir='ltr'><strong>ne</strong></span> <span class='ocrx_word' id='word_1_405' title='bbox 176 3208 361 3266; x_wconf 89' lang='lat' dir='ltr'><strong>dubitaretur</strong></span> <span class='ocrx_word' id='word_1_406' title='bbox 373 3206 433 3263; x_wconf 93' lang='lat' dir='ltr'><strong>ullo</strong></span> <span class='ocrx_word' id='word_1_407' title='bbox 445 3204 616 3262; x_wconf 90' lang='lat' dir='ltr'><strong>modoillins</strong></span> <span class='ocrx_word' id='word_1_408' title='bbox 627 3221 679 3262; x_wconf 90' lang='lat' dir='ltr'><strong>nos</strong></span> <span class='ocrx_word' id='word_1_409' title='bbox 693 3205 822 3263; x_wconf 89' lang='lat' dir='ltr'><strong>salvatos</strong></span> <span class='ocrx_word' id='word_1_410' title='bbox 833 3207 947 3279; x_wconf 89' lang='lat' dir='ltr'><strong>merito,</strong></span> 
     </span>
     <span class='ocr_line' id='line_1_44' title="bbox 128 3294 950 3375; baseline -0.004 -20"><span class='ocrx_word' id='word_1_411' title='bbox 128 3298 242 3375; x_wconf 75' lang='lat' dir='ltr'><strong>concito</strong></span> <span class='ocrx_word' id='word_1_412' title='bbox 259 3296 288 3352; x_wconf 93' lang='lat' dir='ltr'><strong>id</strong></span> <span class='ocrx_word' id='word_1_413' title='bbox 301 3296 399 3352; x_wconf 91' lang='lat' dir='ltr'><strong>rabies</strong></span> <span class='ocrx_word' id='word_1_414' title='bbox 419 3296 510 3351; x_wconf 87' lang='lat' dir='ltr'><strong>ilheni</strong></span> <span class='ocrx_word' id='word_1_415' title='bbox 525 3295 651 3350; x_wconf 90' lang='lat' dir='ltr'><strong>fluminis</strong></span> <span class='ocrx_word' id='word_1_416' title='bbox 667 3294 763 3351; x_wconf 92' lang='lat' dir='ltr'><strong>divino</strong></span> <span class='ocrx_word' id='word_1_417' title='bbox 791 3294 950 3353; x_wconf 89' lang='lat' dir='ltr'><strong>declaravit</strong></span> 
     </span>
     <span class='ocr_line' id='line_1_45' title="bbox 128 3380 950 3456; baseline 0 -16"><span class='ocrx_word' id='word_1_418' title='bbox 128 3384 245 3442; x_wconf 88' lang='lat' dir='ltr'><strong>indicio.</strong></span> <span class='ocrx_word' id='word_1_419' title='bbox 261 3384 390 3454; x_wconf 81' lang='lat' dir='ltr'><strong>lienique</strong></span> <span class='ocrx_word' id='word_1_420' title='bbox 404 3389 435 3439; x_wconf 90' lang='lat' dir='ltr'><strong>ut</strong></span> <span class='ocrx_word' id='word_1_421' title='bbox 447 3381 496 3439; x_wconf 89' lang='lat' dir='ltr'><strong>ille</strong></span> <span class='ocrx_word' id='word_1_422' title='bbox 511 3384 615 3439; x_wconf 89' lang='lat' dir='ltr'><strong>beatus</strong></span> <span class='ocrx_word' id='word_1_423' title='bbox 626 3380 727 3454; x_wconf 93' lang='lat' dir='ltr'><strong>pedem</strong></span> <span class='ocrx_word' id='word_1_424' title='bbox 738 3387 821 3440; x_wconf 86' lang='lat' dir='ltr'><strong>extra</strong></span> <span class='ocrx_word' id='word_1_425' title='bbox 832 3384 950 3456; x_wconf 92' lang='lat' dir='ltr'><strong>puppim</strong></span> 
     </span>
     <span class='ocr_line' id='line_1_46' title="bbox 126 3471 948 3550; baseline 0 -19"><span class='ocrx_word' id='word_1_426' title='bbox 126 3472 242 3545; x_wconf 84' lang='lat' dir='ltr'><strong>extulit,</strong></span> <span class='ocrx_word' id='word_1_427' title='bbox 260 3471 347 3545; x_wconf 93' lang='lat' dir='ltr'><strong>paulo</strong></span> <span class='ocrx_word' id='word_1_428' title='bbox 372 3477 439 3528; x_wconf 88' lang='lat' dir='ltr'><strong>ante</strong></span> <span class='ocrx_word' id='word_1_429' title='bbox 455 3471 595 3528; x_wconf 93' lang='lat' dir='ltr'><strong>divinitus</strong></span> <span class='ocrx_word' id='word_1_430' title='bbox 624 3472 774 3550; x_wconf 84' lang='lat' dir='ltr'><strong>suspensis</strong></span> <span class='ocrx_word' id='word_1_431' title='bbox 801 3473 948 3545; x_wconf 74' lang='lat' dir='ltr'><strong>fluetibus</strong></span> 
     </span>
     <span class='ocr_line' id='line_1_47' title="bbox 127 3560 948 3635; baseline -0.002 -16"><span class='ocrx_word' id='word_1_432' title='bbox 127 3562 235 3635; x_wconf 82' lang='lat' dir='ltr'><strong>praedae</strong></span> <span class='ocrx_word' id='word_1_433' title='bbox 251 3561 361 3630; x_wconf 74' lang='lat' dir='ltr'><strong>fuit3et</strong></span> <span class='ocrx_word' id='word_1_434' title='bbox 377 3576 440 3633; x_wconf 87' lang='lat' dir='ltr'><strong>quae</strong></span> <span class='ocrx_word' id='word_1_435' title='bbox 453 3560 534 3632; x_wconf 90' lang='lat' dir='ltr'><strong>prins</strong></span> <span class='ocrx_word' id='word_1_436' title='bbox 549 3563 654 3617; x_wconf 90' lang='lat' dir='ltr'><strong>onusta</strong></span> <span class='ocrx_word' id='word_1_437' title='bbox 670 3560 760 3630; x_wconf 83' lang='lat' dir='ltr'><strong>mergi</strong></span> <span class='ocrx_word' id='word_1_438' title='bbox 772 3575 827 3617; x_wconf 93' lang='lat' dir='ltr'><strong>non</strong></span> <span class='ocrx_word' id='word_1_439' title='bbox 843 3562 948 3634; x_wconf 84' lang='lat' dir='ltr'><strong>potuit,</strong></span> 
     </span>
     <span class='ocr_line' id='line_1_48' title="bbox 127 3648 950 3721; baseline 0 -13"><span class='ocrx_word' id='word_1_440' title='bbox 127 3650 384 3708; x_wconf 88' lang='lat' dir='ltr'><strong>subsisteretanto</strong></span> <span class='ocrx_word' id='word_1_441' title='bbox 395 3649 513 3706; x_wconf 89' lang='lat' dir='ltr'><strong>viduata</strong></span> <span class='ocrx_word' id='word_1_442' title='bbox 530 3655 653 3720; x_wconf 91' lang='lat' dir='ltr'><strong>patrono</strong></span> <span class='ocrx_word' id='word_1_443' title='bbox 663 3650 805 3721; x_wconf 92' lang='lat' dir='ltr'><strong>nequivit,</strong></span> <span class='ocrx_word' id='word_1_444' title='bbox 822 3648 874 3706; x_wconf 92' lang='lat' dir='ltr'><strong>sed</strong></span> <span class='ocrx_word' id='word_1_445' title='bbox 886 3666 950 3721; x_wconf 92' lang='lat' dir='ltr'><strong>pro·</strong></span> 
     </span>
     <span class='ocr_line' id='line_1_49' title="bbox 127 3738 950 3811; baseline 0 -16"><span class='ocrx_word' id='word_1_446' title='bbox 127 3738 950 3811; x_wconf 78' lang='lat' dir='ltr'><strong>tinus,nobiscernentibus,submersadisparuitfaliter</strong></span> 
     </span>
     <span class='ocr_line' id='line_1_50' title="bbox 126 3825 949 3902; baseline -0.002 -17"><span class='ocrx_word' id='word_1_447' title='bbox 126 3843 179 3902; x_wconf 91' lang='lat' dir='ltr'><strong>per</strong></span> <span class='ocrx_word' id='word_1_448' title='bbox 203 3827 334 3885; x_wconf 91' lang='lat' dir='ltr'><strong>immensi</strong></span> <span class='ocrx_word' id='word_1_449' title='bbox 359 3826 492 3884; x_wconf 85' lang='lat' dir='ltr'><strong>moeroris</strong></span> <span class='ocrx_word' id='word_1_450' title='bbox 510 3825 713 3897; x_wconf 68' lang='lat' dir='ltr'><strong>praecipitium,</strong></span> <span class='ocrx_word' id='word_1_451' title='bbox 743 3827 855 3884; x_wconf 88' lang='lat' dir='ltr'><strong>meritis</strong></span> <span class='ocrx_word' id='word_1_452' title='bbox 872 3828 949 3885; x_wconf 90' lang='lat' dir='ltr'><strong>servi</strong></span> 
     </span>
     <span class='ocr_line' id='line_1_51' title="bbox 126 3913 950 3988; baseline -0.006 -13"><span class='ocrx_word' id='word_1_453' title='bbox 126 3917 181 3988; x_wconf 84' lang='lat' dir='ltr'><strong>sui,</strong></span> <span class='ocrx_word' id='word_1_454' title='bbox 199 3915 314 3973; x_wconf 85' lang='lat' dir='ltr'><strong>maximi</strong></span> <span class='ocrx_word' id='word_1_455' title='bbox 329 3915 413 3972; x_wconf 90' lang='lat' dir='ltr'><strong>nobis</strong></span> <span class='ocrx_word' id='word_1_456' title='bbox 435 3913 533 3986; x_wconf 89' lang='lat' dir='ltr'><strong>gaudii</strong></span> <span class='ocrx_word' id='word_1_457' title='bbox 550 3915 687 3978; x_wconf 86' lang='lat' dir='ltr'><strong>Dominus</strong></span> <span class='ocrx_word' id='word_1_458' title='bbox 703 3915 828 3972; x_wconf 89' lang='lat' dir='ltr'><strong>eontulit</strong></span> <span class='ocrx_word' id='word_1_459' title='bbox 843 3917 950 3973; x_wconf 85' lang='lat' dir='ltr'><strong>beneti-</strong></span> 
     </span>
     <span class='ocr_line' id='line_1_52' title="bbox 125 4002 949 4077; baseline 0 -15"><span class='ocrx_word' id='word_1_460' title='bbox 125 4005 216 4073; x_wconf 91' lang='lat' dir='ltr'><strong>eium;</strong></span> <span class='ocrx_word' id='word_1_461' title='bbox 230 4002 297 4061; x_wconf 89' lang='lat' dir='ltr'><strong>dum</strong></span> <span class='ocrx_word' id='word_1_462' title='bbox 307 4007 337 4061; x_wconf 92' lang='lat' dir='ltr'><strong>et</strong></span> <span class='ocrx_word' id='word_1_463' title='bbox 349 4005 491 4063; x_wconf 89' lang='lat' dir='ltr'><strong>virtutum</strong></span> <span class='ocrx_word' id='word_1_464' title='bbox 500 4002 692 4074; x_wconf 86' lang='lat' dir='ltr'><strong>ejusgratiam</strong></span> <span class='ocrx_word' id='word_1_465' title='bbox 702 4005 818 4076; x_wconf 88' lang='lat' dir='ltr'><strong>extulit,</strong></span> <span class='ocrx_word' id='word_1_466' title='bbox 831 4007 862 4062; x_wconf 92' lang='lat' dir='ltr'><strong>et</strong></span> <span class='ocrx_word' id='word_1_467' title='bbox 872 4004 949 4077; x_wconf 93' lang='lat' dir='ltr'><strong>quod</strong></span> 
     </span>
     <span class='ocr_line' id='line_1_53' title="bbox 124 4092 431 4152; baseline -0.013 -1"><span class='ocrx_word' id='word_1_468' title='bbox 124 4095 298 4152; x_wconf 88' lang='lat' dir='ltr'><strong>verebamur</strong></span> <span class='ocrx_word' id='word_1_469' title='bbox 314 4092 431 4150; x_wconf 90' lang='lat' dir='ltr'><strong>avertit.</strong></span> 
     </span>
    </p>

    <p class='ocr_par' dir='ltr' id='par_1_8' title="bbox 161 4181 947 4255">
     <span class='ocr_line' id='line_1_54' title="bbox 161 4181 947 4255; baseline -0.001 -15"><span class='ocrx_word' id='word_1_470' title='bbox 161 4189 203 4240; x_wconf 78' lang='lat'><strong>31.</strong></span> <span class='ocrx_word' id='word_1_471' title='bbox 216 4185 271 4240; x_wconf 82' lang='lat' dir='ltr'><strong>Per</strong></span> <span class='ocrx_word' id='word_1_472' title='bbox 283 4183 358 4239; x_wconf 85' lang='lat' dir='ltr'><strong>idem</strong></span> <span class='ocrx_word' id='word_1_473' title='bbox 370 4186 427 4238; x_wconf 91' lang='lat' dir='ltr'><strong>tem</strong></span> <span class='ocrx_word' id='word_1_474' title='bbox 433 4197 486 4255; x_wconf 92' lang='lat' dir='ltr'><strong>pus</strong></span> <span class='ocrx_word' id='word_1_475' title='bbox 499 4181 623 4253; x_wconf 90' lang='lat' dir='ltr'><strong>quadam</strong></span> <span class='ocrx_word' id='word_1_476' title='bbox 633 4181 678 4238; x_wconf 93' lang='lat' dir='ltr'><strong>die</strong></span> <span class='ocrx_word' id='word_1_477' title='bbox 689 4197 754 4239; x_wconf 88' lang='lat' dir='ltr'><strong>cum</strong></span> <span class='ocrx_word' id='word_1_478' title='bbox 767 4187 947 4241; x_wconf 85' lang='lat' dir='ltr'><strong>secretorum</strong></span> 
     </span>
    </p>
   </div>
   <div class='ocr_carea' id='block_1_7' title="bbox 1003 3113 1858 4256">
    <p class='ocr_par' dir='ltr' id='par_1_9' title="bbox 1003 3113 1858 4256">
     <span class='ocr_line' id='line_1_55' title="bbox 1007 3113 1834 3197; baseline 0.016 -28"><span class='ocrx_word' id='word_1_479' title='bbox 1007 3127 1072 3169; x_wconf 93' lang='lat' dir='ltr'><strong>men</strong></span> <span class='ocrx_word' id='word_1_480' title='bbox 1084 3113 1199 3170; x_wconf 89' lang='lat' dir='ltr'><strong>occulto</strong></span> <span class='ocrx_word' id='word_1_481' title='bbox 1211 3115 1380 3184; x_wconf 86' lang='lat' dir='ltr'><strong>Deijudicio</strong></span> <span class='ocrx_word' id='word_1_482' title='bbox 1395 3118 1578 3192; x_wconf 90' lang='lat' dir='ltr'><strong>omnimodis,</strong></span> <span class='ocrx_word' id='word_1_483' title='bbox 1592 3127 1624 3179; x_wconf 88' lang='lat' dir='ltr'><strong>ut</strong></span> <span class='ocrx_word' id='word_1_484' title='bbox 1638 3123 1732 3197; x_wconf 89' lang='lat' dir='ltr'><strong>prius,</strong></span> <span class='ocrx_word' id='word_1_485' title='bbox 1742 3127 1834 3184; x_wconf 89' lang='lat' dir='ltr'><strong>absti-</strong></span> 
     </span>
     <span class='ocr_line' id='line_1_56' title="bbox 1006 3201 1832 3279; baseline 0.018 -22"><span class='ocrx_word' id='word_1_486' title='bbox 1006 3201 1067 3258; x_wconf 92' lang='lat' dir='ltr'><strong>nuit</strong></span> <span class='ocrx_word' id='word_1_487' title='bbox 1083 3201 1190 3259; x_wconf 90' lang='lat' dir='ltr'><strong>edulio.</strong></span> <span class='ocrx_word' id='word_1_488' title='bbox 1216 3204 1288 3259; x_wconf 84' lang='lat' dir='ltr'><strong>Itum</strong></span> <span class='ocrx_word' id='word_1_489' title='bbox 1312 3220 1382 3262; x_wconf 91' lang='lat' dir='ltr'><strong>vero</strong></span> <span class='ocrx_word' id='word_1_490' title='bbox 1399 3211 1464 3279; x_wconf 89' lang='lat' dir='ltr'><strong>post</strong></span> <span class='ocrx_word' id='word_1_491' title='bbox 1481 3208 1591 3279; x_wconf 87' lang='lat' dir='ltr'><strong>aliquot</strong></span> <span class='ocrx_word' id='word_1_492' title='bbox 1617 3226 1709 3269; x_wconf 89' lang='lat' dir='ltr'><strong>annos</strong></span> <span class='ocrx_word' id='word_1_493' title='bbox 1725 3213 1832 3272; x_wconf 78' lang='lat' dir='ltr'><strong>divinae</strong></span> 
     </span>
     <span class='ocr_line' id='line_1_57' title="bbox 1005 3289 1832 3366; baseline 0.015 -19"><span class='ocrx_word' id='word_1_494' title='bbox 1005 3289 1168 3349; x_wconf 76' lang='lat' dir='ltr'><strong>elementiae</strong></span> <span class='ocrx_word' id='word_1_495' title='bbox 1181 3292 1216 3347; x_wconf 90' lang='lat' dir='ltr'><strong>ad</strong></span> <span class='ocrx_word' id='word_1_496' title='bbox 1225 3293 1279 3348; x_wconf 92' lang='lat' dir='ltr'><strong>hac</strong></span> <span class='ocrx_word' id='word_1_497' title='bbox 1291 3293 1368 3350; x_wconf 89' lang='lat' dir='ltr'><strong>illam</strong></span> <span class='ocrx_word' id='word_1_498' title='bbox 1381 3294 1542 3366; x_wconf 90' lang='lat' dir='ltr'><strong>placuisset</strong></span> <span class='ocrx_word' id='word_1_499' title='bbox 1554 3297 1724 3359; x_wconf 87' lang='lat' dir='ltr'><strong>infirmitate</strong></span> <span class='ocrx_word' id='word_1_500' title='bbox 1735 3302 1832 3361; x_wconf 87' lang='lat' dir='ltr'><strong>absol·</strong></span> 
     </span>
     <span class='ocr_line' id='line_1_58' title="bbox 1005 3381 1832 3462; baseline 0.016 -24"><span class='ocrx_word' id='word_1_501' title='bbox 1005 3394 1084 3452; x_wconf 85' lang='lat' dir='ltr'><strong>vere,</strong></span> <span class='ocrx_word' id='word_1_502' title='bbox 1103 3381 1288 3454; x_wconf 70' lang='lat' dir='ltr'><strong>intempestae</strong></span> <span class='ocrx_word' id='word_1_503' title='bbox 1317 3383 1413 3440; x_wconf 90' lang='lat' dir='ltr'><strong>noetis</strong></span> <span class='ocrx_word' id='word_1_504' title='bbox 1441 3384 1559 3443; x_wconf 89' lang='lat' dir='ltr'><strong>silentio</strong></span> <span class='ocrx_word' id='word_1_505' title='bbox 1587 3388 1639 3445; x_wconf 87' lang='lat' dir='ltr'><strong>tali</strong></span> <span class='ocrx_word' id='word_1_506' title='bbox 1669 3393 1832 3462; x_wconf 79' lang='lat' dir='ltr'><strong>perfruitur</strong></span> 
     </span>
     <span class='ocr_line' id='line_1_59' title="bbox 1005 3469 1832 3554; baseline 0.015 -29"><span class='ocrx_word' id='word_1_507' title='bbox 1005 3469 1078 3526; x_wconf 89' lang='lat' dir='ltr'><strong>visu.</strong></span> <span class='ocrx_word' id='word_1_508' title='bbox 1096 3469 1257 3526; x_wconf 83' lang='lat' dir='ltr'><strong>Videbatur</strong></span> <span class='ocrx_word' id='word_1_509' title='bbox 1280 3470 1333 3544; x_wconf 94' lang='lat' dir='ltr'><strong>illi,</strong></span> <span class='ocrx_word' id='word_1_510' title='bbox 1360 3472 1559 3532; x_wconf 89' lang='lat' dir='ltr'><strong>beatissimum</strong></span> <span class='ocrx_word' id='word_1_511' title='bbox 1575 3477 1668 3535; x_wconf 92' lang='lat' dir='ltr'><strong>virum</strong></span> <span class='ocrx_word' id='word_1_512' title='bbox 1684 3481 1832 3554; x_wconf 87' lang='lat' dir='ltr'><strong>Wolphel-</strong></span> 
     </span>
     <span class='ocr_line' id='line_1_60' title="bbox 1006 3561 1831 3642; baseline 0.021 -29"><span class='ocrx_word' id='word_1_513' title='bbox 1006 3572 1082 3614; x_wconf 88' lang='lat' dir='ltr'><strong>mum</strong></span> <span class='ocrx_word' id='word_1_514' title='bbox 1099 3573 1203 3629; x_wconf 90' lang='lat' dir='ltr'><strong>panem</strong></span> <span class='ocrx_word' id='word_1_515' title='bbox 1229 3561 1425 3633; x_wconf 82' lang='lat' dir='ltr'><strong>benedixisse,</strong></span> <span class='ocrx_word' id='word_1_516' title='bbox 1443 3567 1473 3618; x_wconf 92' lang='lat' dir='ltr'><strong>et</strong></span> <span class='ocrx_word' id='word_1_517' title='bbox 1497 3563 1579 3621; x_wconf 92' lang='lat' dir='ltr'><strong>illum</strong></span> <span class='ocrx_word' id='word_1_518' title='bbox 1607 3573 1782 3642; x_wconf 85' lang='lat' dir='ltr'><strong>susceptum</strong></span> <span class='ocrx_word' id='word_1_519' title='bbox 1795 3573 1831 3630; x_wconf 91' lang='lat' dir='ltr'><strong>ab</strong></span> 
     </span>
     <span class='ocr_line' id='line_1_61' title="bbox 1004 3646 1830 3724; baseline 0.017 -21"><span class='ocrx_word' id='word_1_520' title='bbox 1004 3647 1068 3718; x_wconf 86' lang='lat' dir='ltr'><strong>ejus</strong></span> <span class='ocrx_word' id='word_1_521' title='bbox 1078 3646 1239 3704; x_wconf 88' lang='lat' dir='ltr'><strong>venerabili</strong></span> <span class='ocrx_word' id='word_1_522' title='bbox 1256 3663 1340 3706; x_wconf 89' lang='lat' dir='ltr'><strong>manu</strong></span> <span class='ocrx_word' id='word_1_523' title='bbox 1352 3664 1382 3707; x_wconf 88' lang='lat' dir='ltr'><strong>se</strong></span> <span class='ocrx_word' id='word_1_524' title='bbox 1394 3650 1477 3707; x_wconf 92' lang='lat' dir='ltr'><strong>avide</strong></span> <span class='ocrx_word' id='word_1_525' title='bbox 1488 3653 1651 3712; x_wconf 91' lang='lat' dir='ltr'><strong>comedere.</strong></span> <span class='ocrx_word' id='word_1_526' title='bbox 1661 3656 1732 3724; x_wconf 84' lang='lat' dir='ltr'><strong>Quae</strong></span> <span class='ocrx_word' id='word_1_527' title='bbox 1744 3658 1830 3717; x_wconf 85' lang='lat' dir='ltr'><strong>iidem</strong></span> 
     </span>
     <span class='ocr_line' id='line_1_62' title="bbox 1005 3734 1829 3819; baseline 0.018 -28"><span class='ocrx_word' id='word_1_528' title='bbox 1005 3735 1145 3791; x_wconf 90' lang='lat' dir='ltr'><strong>adhibens</strong></span> <span class='ocrx_word' id='word_1_529' title='bbox 1160 3734 1275 3807; x_wconf 87' lang='lat' dir='ltr'><strong>visioni,</strong></span> <span class='ocrx_word' id='word_1_530' title='bbox 1293 3737 1389 3794; x_wconf 91' lang='lat' dir='ltr'><strong>sciens</strong></span> <span class='ocrx_word' id='word_1_531' title='bbox 1404 3754 1456 3810; x_wconf 89' lang='lat' dir='ltr'><strong>per</strong></span> <span class='ocrx_word' id='word_1_532' title='bbox 1471 3754 1536 3798; x_wconf 93' lang='lat' dir='ltr'><strong>eum</strong></span> <span class='ocrx_word' id='word_1_533' title='bbox 1552 3741 1597 3799; x_wconf 90' lang='lat' dir='ltr'><strong>his</strong></span> <span class='ocrx_word' id='word_1_534' title='bbox 1611 3744 1722 3815; x_wconf 87' lang='lat' dir='ltr'><strong>majora</strong></span> <span class='ocrx_word' id='word_1_535' title='bbox 1738 3761 1829 3819; x_wconf 87' lang='lat' dir='ltr'><strong>posse</strong></span> 
     </span>
     <span class='ocr_line' id='line_1_63' title="bbox 1006 3823 1830 3900; baseline 0.016 -20"><span class='ocrx_word' id='word_1_536' title='bbox 1006 3824 1077 3894; x_wconf 88' lang='lat' dir='ltr'><strong>fleri,</strong></span> <span class='ocrx_word' id='word_1_537' title='bbox 1099 3823 1247 3881; x_wconf 89' lang='lat' dir='ltr'><strong>flebilibus</strong></span> <span class='ocrx_word' id='word_1_538' title='bbox 1263 3826 1384 3884; x_wconf 92' lang='lat' dir='ltr'><strong>vocibus</strong></span> <span class='ocrx_word' id='word_1_539' title='bbox 1399 3843 1501 3900; x_wconf 90' lang='lat' dir='ltr'><strong>panem</strong></span> <span class='ocrx_word' id='word_1_540' title='bbox 1517 3831 1573 3886; x_wconf 90' lang='lat' dir='ltr'><strong>sibi</strong></span> <span class='ocrx_word' id='word_1_541' title='bbox 1590 3833 1675 3890; x_wconf 90' lang='lat' dir='ltr'><strong>abeo</strong></span> <span class='ocrx_word' id='word_1_542' title='bbox 1691 3835 1830 3893; x_wconf 84' lang='lat' dir='ltr'><strong>obsecrat</strong></span> 
     </span>
     <span class='ocr_line' id='line_1_64' title="bbox 1005 3911 1828 3994; baseline 0.017 -25"><span class='ocrx_word' id='word_1_543' title='bbox 1005 3911 1149 3969; x_wconf 91' lang='lat' dir='ltr'><strong>benedici.</strong></span> <span class='ocrx_word' id='word_1_544' title='bbox 1167 3912 1221 3979; x_wconf 85' lang='lat' dir='ltr'><strong>Qui</strong></span> <span class='ocrx_word' id='word_1_545' title='bbox 1246 3914 1377 3972; x_wconf 89' lang='lat' dir='ltr'><strong>renitens</strong></span> <span class='ocrx_word' id='word_1_546' title='bbox 1395 3916 1465 3972; x_wconf 88' lang='lat' dir='ltr'><strong>totis</strong></span> <span class='ocrx_word' id='word_1_547' title='bbox 1492 3919 1612 3987; x_wconf 83' lang='lat' dir='ltr'><strong>viribus,</strong></span> <span class='ocrx_word' id='word_1_548' title='bbox 1629 3920 1780 3994; x_wconf 82' lang='lat' dir='ltr'><strong>indignum</strong></span> <span class='ocrx_word' id='word_1_549' title='bbox 1796 3939 1828 3982; x_wconf 88' lang='lat' dir='ltr'><strong>se</strong></span> 
     </span>
     <span class='ocr_line' id='line_1_65' title="bbox 1003 4002 1858 4079; baseline 0.015 -21"><span class='ocrx_word' id='word_1_550' title='bbox 1003 4002 1164 4074; x_wconf 90' lang='lat' dir='ltr'><strong>proclamat</strong></span> <span class='ocrx_word' id='word_1_551' title='bbox 1189 4002 1356 4060; x_wconf 92' lang='lat' dir='ltr'><strong>ministrum</strong></span> <span class='ocrx_word' id='word_1_552' title='bbox 1384 4005 1481 4076; x_wconf 89' lang='lat' dir='ltr'><strong>operis</strong></span> <span class='ocrx_word' id='word_1_553' title='bbox 1498 4006 1593 4079; x_wconf 87' lang='lat' dir='ltr'><strong>hujus.</strong></span> <span class='ocrx_word' id='word_1_554' title='bbox 1609 4010 1686 4069; x_wconf 86' lang='lat' dir='ltr'><strong>Tune</strong></span> <span class='ocrx_word' id='word_1_555' title='bbox 1710 4012 1828 4071; x_wconf 87' lang='lat' dir='ltr'><strong>videres</strong></span> <span class='ocrx_word' id='word_1_556' title='bbox 1853 4062 1858 4071; x_wconf 82' lang='lat'>.</span> 
     </span>
     <span class='ocr_line' id='line_1_66' title="bbox 1003 4091 1826 4175; baseline 0.015 -27"><span class='ocrx_word' id='word_1_557' title='bbox 1003 4091 1128 4149; x_wconf 90' lang='lat' dir='ltr'><strong>animum</strong></span> <span class='ocrx_word' id='word_1_558' title='bbox 1145 4092 1199 4148; x_wconf 93' lang='lat' dir='ltr'><strong>viri</strong></span> <span class='ocrx_word' id='word_1_559' title='bbox 1214 4092 1264 4148; x_wconf 87' lang='lat' dir='ltr'><strong>Dei</strong></span> <span class='ocrx_word' id='word_1_560' title='bbox 1288 4094 1372 4150; x_wconf 85' lang='lat' dir='ltr'><strong>anxie</strong></span> <span class='ocrx_word' id='word_1_561' title='bbox 1398 4097 1581 4170; x_wconf 85' lang='lat' dir='ltr'><strong>perturbari;</strong></span> <span class='ocrx_word' id='word_1_562' title='bbox 1606 4097 1682 4157; x_wconf 89' lang='lat' dir='ltr'><strong>velle</strong></span> <span class='ocrx_word' id='word_1_563' title='bbox 1710 4100 1826 4175; x_wconf 89' lang='lat' dir='ltr'><strong>quidem</strong></span> 
     </span>
     <span class='ocr_line' id='line_1_67' title="bbox 1003 4179 1828 4256; baseline 0.017 -21"><span class='ocrx_word' id='word_1_564' title='bbox 1003 4180 1147 4251; x_wconf 89' lang='lat' dir='ltr'><strong>misereri,</strong></span> <span class='ocrx_word' id='word_1_565' title='bbox 1166 4181 1217 4236; x_wconf 92' lang='lat' dir='ltr'><strong>sed</strong></span> <span class='ocrx_word' id='word_1_566' title='bbox 1229 4179 1323 4251; x_wconf 89' lang='lat' dir='ltr'><strong>palam</strong></span> <span class='ocrx_word' id='word_1_567' title='bbox 1333 4181 1359 4236; x_wconf 95' lang='lat' dir='ltr'><strong>id</strong></span> <span class='ocrx_word' id='word_1_568' title='bbox 1373 4188 1493 4256; x_wconf 93' lang='lat' dir='ltr'><strong>propter</strong></span> <span class='ocrx_word' id='word_1_569' title='bbox 1505 4183 1674 4255; x_wconf 85' lang='lat' dir='ltr'><strong>jactantiam</strong></span> <span class='ocrx_word' id='word_1_570' title='bbox 1687 4188 1828 4249; x_wconf 85' lang='lat' dir='ltr'><strong>favorem·</strong></span> 
     </span>
    </p>
   </div>
   <div class='ocr_carea' id='block_1_8' title="bbox 124 4268 1842 4527">
    <p class='ocr_par' dir='ltr' id='par_1_10' title="bbox 124 4268 1842 4527">
     <span class='ocr_line' id='line_1_68' title="bbox 125 4268 1828 4353; baseline 0.003 -22"><span class='ocrx_word' id='word_1_571' title='bbox 125 4288 241 4331; x_wconf 93' lang='lat' dir='ltr'><strong>suorum</strong></span> <span class='ocrx_word' id='word_1_572' title='bbox 257 4272 392 4342; x_wconf 87' lang='lat' dir='ltr'><strong>consciis,</strong></span> <span class='ocrx_word' id='word_1_573' title='bbox 410 4272 581 4340; x_wconf 90' lang='lat' dir='ltr'><strong>oratorium,</strong></span> <span class='ocrx_word' id='word_1_574' title='bbox 599 4275 628 4326; x_wconf 93' lang='lat' dir='ltr'><strong>nt</strong></span> <span class='ocrx_word' id='word_1_575' title='bbox 642 4278 710 4328; x_wconf 88' lang='lat' dir='ltr'><strong>tunc</strong></span> <span class='ocrx_word' id='word_1_576' title='bbox 722 4271 794 4328; x_wconf 91' lang='lat' dir='ltr'><strong>falso</strong></span> <span class='ocrx_word' id='word_1_577' title='bbox 810 4273 947 4329; x_wconf 90' lang='lat' dir='ltr'><strong>eredeba-</strong></span> <span class='ocrx_word' id='word_1_578' title='bbox 1003 4282 1058 4339; x_wconf 92' lang='lat' dir='ltr'><strong>que</strong></span> <span class='ocrx_word' id='word_1_579' title='bbox 1075 4268 1152 4325; x_wconf 88' lang='lat' dir='ltr'><strong>nolle</strong></span> <span class='ocrx_word' id='word_1_580' title='bbox 1168 4268 1241 4324; x_wconf 86' lang='lat' dir='ltr'><strong>lieri.</strong></span> <span class='ocrx_word' id='word_1_581' title='bbox 1264 4271 1398 4326; x_wconf 74' lang='lat' dir='ltr'><strong>Attamen</strong></span> <span class='ocrx_word' id='word_1_582' title='bbox 1414 4286 1449 4327; x_wconf 91' lang='lat' dir='ltr'><strong>ne</strong></span> <span class='ocrx_word' id='word_1_583' title='bbox 1466 4271 1578 4330; x_wconf 83' lang='lat' dir='ltr'><strong>diutius</strong></span> <span class='ocrx_word' id='word_1_584' title='bbox 1593 4274 1745 4335; x_wconf 86' lang='lat' dir='ltr'><strong>videretur</strong></span> <span class='ocrx_word' id='word_1_585' title='bbox 1761 4292 1828 4353; x_wconf 90' lang='lat' dir='ltr'><strong>pro·</strong></span> 
     </span>
     <span class='ocr_line' id='line_1_69' title="bbox 124 4356 1826 4434; baseline 0.005 -18"><span class='ocrx_word' id='word_1_586' title='bbox 124 4365 183 4430; x_wconf 91' lang='lat' dir='ltr'><strong>tur,</strong></span> <span class='ocrx_word' id='word_1_587' title='bbox 202 4359 459 4416; x_wconf 78' lang='lat' dir='ltr'><strong>brunwillerensis</strong></span> <span class='ocrx_word' id='word_1_588' title='bbox 471 4358 652 4430; x_wconf 80' lang='lat' dir='ltr'><strong>paroehiain</strong></span> <span class='ocrx_word' id='word_1_589' title='bbox 664 4358 743 4429; x_wconf 88' lang='lat' dir='ltr'><strong>villa,</strong></span> <span class='ocrx_word' id='word_1_590' title='bbox 760 4359 946 4429; x_wconf 86' lang='lat' dir='ltr'><strong>llyrehedoro</strong></span> <span class='ocrx_word' id='word_1_591' title='bbox 958 4416 978 4431; x_wconf 64' lang='grc'><strong>,,</strong></span> <span class='ocrx_word' id='word_1_592' title='bbox 1002 4357 1119 4413; x_wconf 90' lang='lat' dir='ltr'><strong>trahere</strong></span> <span class='ocrx_word' id='word_1_593' title='bbox 1135 4357 1212 4427; x_wconf 91' lang='lat' dir='ltr'><strong>quod</strong></span> <span class='ocrx_word' id='word_1_594' title='bbox 1227 4356 1366 4415; x_wconf 89' lang='lat' dir='ltr'><strong>divinitas</strong></span> <span class='ocrx_word' id='word_1_595' title='bbox 1382 4373 1434 4432; x_wconf 88' lang='lat' dir='ltr'><strong>per</strong></span> <span class='ocrx_word' id='word_1_596' title='bbox 1451 4374 1516 4417; x_wconf 88' lang='lat' dir='ltr'><strong>enm</strong></span> <span class='ocrx_word' id='word_1_597' title='bbox 1533 4362 1719 4434; x_wconf 91' lang='lat' dir='ltr'><strong>disposuerat</strong></span> <span class='ocrx_word' id='word_1_598' title='bbox 1736 4363 1826 4424; x_wconf 90' lang='lat' dir='ltr'><strong>adim·</strong></span> 
     </span>
     <span class='ocr_line' id='line_1_70' title="bbox 125 4445 1842 4527; baseline 0.006 -24"><span class='ocrx_word' id='word_1_599' title='bbox 125 4449 249 4517; x_wconf 90' lang='lat' dir='ltr'><strong>nominc,</strong></span> <span class='ocrx_word' id='word_1_600' title='bbox 265 4452 403 4503; x_wconf 90' lang='lat' dir='ltr'><strong>oraturus</strong></span> <span class='ocrx_word' id='word_1_601' title='bbox 420 4447 538 4503; x_wconf 90' lang='lat' dir='ltr'><strong>intravit</strong></span> <span class='ocrx_word' id='word_1_602' title='bbox 551 4467 557 4501; x_wconf 94' lang='lat'>:</span> <span class='ocrx_word' id='word_1_603' title='bbox 571 4451 599 4502; x_wconf 94' lang='lat' dir='ltr'><strong>ct</strong></span> <span class='ocrx_word' id='word_1_604' title='bbox 615 4461 683 4503; x_wconf 90' lang='lat' dir='ltr'><strong>ecee</strong></span> <span class='ocrx_word' id='word_1_605' title='bbox 695 4447 759 4504; x_wconf 91' lang='lat' dir='ltr'><strong>solo</strong></span> <span class='ocrx_word' id='word_1_606' title='bbox 769 4452 943 4521; x_wconf 87' lang='lat' dir='ltr'><strong>prostratus,</strong></span> <span class='ocrx_word' id='word_1_607' title='bbox 960 4445 988 4510; x_wconf 89' lang='lat' dir='ltr'><strong>D</strong></span> <span class='ocrx_word' id='word_1_608' title='bbox 1004 4446 1094 4519; x_wconf 90' lang='lat' dir='ltr'><strong>plere,</strong></span> <span class='ocrx_word' id='word_1_609' title='bbox 1110 4445 1228 4502; x_wconf 91' lang='lat' dir='ltr'><strong>allatum</strong></span> <span class='ocrx_word' id='word_1_610' title='bbox 1244 4461 1347 4518; x_wconf 90' lang='lat' dir='ltr'><strong>panem</strong></span> <span class='ocrx_word' id='word_1_611' title='bbox 1371 4448 1529 4520; x_wconf 89' lang='lat' dir='ltr'><strong>benedixit,</strong></span> <span class='ocrx_word' id='word_1_612' title='bbox 1548 4450 1662 4510; x_wconf 91' lang='lat' dir='ltr'><strong>mulieri</strong></span> <span class='ocrx_word' id='word_1_613' title='bbox 1680 4454 1842 4527; x_wconf 71' lang='lat' dir='ltr'><strong>porrexit,¹</strong></span> 
     </span>
    </p>
   </div>
   <div class='ocr_carea' id='block_1_9' title="bbox 118 4534 946 5320">
    <p class='ocr_par' dir='ltr' id='par_1_11' title="bbox 118 4534 946 5320">
     <span class='ocr_line' id='line_1_71' title="bbox 124 4534 946 4608; baseline 0.002 -16"><span class='ocrx_word' id='word_1_614' title='bbox 124 4550 225 4592; x_wconf 89' lang='lat' dir='ltr'><strong>carere</strong></span> <span class='ocrx_word' id='word_1_615' title='bbox 237 4534 332 4592; x_wconf 92' lang='lat' dir='ltr'><strong>locum</strong></span> <span class='ocrx_word' id='word_1_616' title='bbox 350 4539 515 4591; x_wconf 85' lang='lat' dir='ltr'><strong>sanctornm</strong></span> <span class='ocrx_word' id='word_1_617' title='bbox 529 4535 703 4606; x_wconf 84' lang='lat' dir='ltr'><strong>patrocinia,</strong></span> <span class='ocrx_word' id='word_1_618' title='bbox 719 4536 828 4608; x_wconf 91' lang='lat' dir='ltr'><strong>Spiritu</strong></span> <span class='ocrx_word' id='word_1_619' title='bbox 845 4541 946 4594; x_wconf 90' lang='lat' dir='ltr'><strong>sancto</strong></span> 
     </span>
     <span class='ocr_line' id='line_1_72' title="bbox 124 4621 946 4696; baseline 0.004 -16"><span class='ocrx_word' id='word_1_620' title='bbox 124 4622 283 4696; x_wconf 90' lang='lat' dir='ltr'><strong>revelante,</strong></span> <span class='ocrx_word' id='word_1_621' title='bbox 302 4621 413 4680; x_wconf 89' lang='lat' dir='ltr'><strong>didicit.</strong></span> <span class='ocrx_word' id='word_1_622' title='bbox 431 4623 485 4690; x_wconf 81' lang='lat' dir='ltr'><strong>Qui</strong></span> <span class='ocrx_word' id='word_1_623' title='bbox 509 4638 632 4694; x_wconf 88' lang='lat' dir='ltr'><strong>surgens</strong></span> <span class='ocrx_word' id='word_1_624' title='bbox 649 4623 685 4679; x_wconf 90' lang='lat' dir='ltr'><strong>ab</strong></span> <span class='ocrx_word' id='word_1_625' title='bbox 712 4624 855 4696; x_wconf 90' lang='lat' dir='ltr'><strong>oratione,</strong></span> <span class='ocrx_word' id='word_1_626' title='bbox 881 4641 946 4683; x_wconf 90' lang='lat' dir='ltr'><strong>eum</strong></span> 
     </span>
     <span class='ocr_line' id='line_1_73' title="bbox 120 4711 946 4784; baseline 0 -13"><span class='ocrx_word' id='word_1_627' title='bbox 120 4727 221 4771; x_wconf 88' lang='lat' dir='ltr'><strong>seeum</strong></span> <span class='ocrx_word' id='word_1_628' title='bbox 233 4712 462 4770; x_wconf 90' lang='lat' dir='ltr'><strong>consistentibus</strong></span> <span class='ocrx_word' id='word_1_629' title='bbox 472 4711 595 4770; x_wconf 89' lang='lat' dir='ltr'><strong>accessit</strong></span> <span class='ocrx_word' id='word_1_630' title='bbox 608 4713 642 4769; x_wconf 90' lang='lat' dir='ltr'><strong>ad</strong></span> <span class='ocrx_word' id='word_1_631' title='bbox 652 4713 755 4784; x_wconf 90' lang='lat' dir='ltr'><strong>altare,</strong></span> <span class='ocrx_word' id='word_1_632' title='bbox 766 4713 946 4771; x_wconf 90' lang='lat' dir='ltr'><strong>otvelamine</strong></span> 
     </span>
     <span class='ocr_line' id='line_1_74' title="bbox 121 4800 943 4875; baseline -0.001 -15"><span class='ocrx_word' id='word_1_633' title='bbox 121 4801 453 4874; x_wconf 89' lang='lat' dir='ltr'><strong>subducto,cnmomnia</strong></span> <span class='ocrx_word' id='word_1_634' title='bbox 466 4800 599 4872; x_wconf 89' lang='lat' dir='ltr'><strong>diligenti</strong></span> <span class='ocrx_word' id='word_1_635' title='bbox 608 4801 943 4875; x_wconf 87' lang='lat' dir='ltr'><strong>intuituperlustrasset,</strong></span> 
     </span>
     <span class='ocr_line' id='line_1_75' title="bbox 120 4888 942 4965; baseline 0.001 -17"><span class='ocrx_word' id='word_1_636' title='bbox 120 4890 319 4950; x_wconf 90' lang='lat' dir='ltr'><strong>nihilomnino</strong></span> <span class='ocrx_word' id='word_1_637' title='bbox 337 4891 384 4950; x_wconf 93' lang='lat' dir='ltr'><strong>vel</strong></span> <span class='ocrx_word' id='word_1_638' title='bbox 405 4892 459 4949; x_wconf 90' lang='lat' dir='ltr'><strong>sub</strong></span> <span class='ocrx_word' id='word_1_639' title='bbox 478 4890 586 4961; x_wconf 86' lang='lat' dir='ltr'><strong>sigillo,</strong></span> <span class='ocrx_word' id='word_1_640' title='bbox 602 4888 648 4946; x_wconf 93' lang='lat' dir='ltr'><strong>vel</strong></span> <span class='ocrx_word' id='word_1_641' title='bbox 663 4891 801 4948; x_wconf 88' lang='lat' dir='ltr'><strong>rimarum</strong></span> <span class='ocrx_word' id='word_1_642' title='bbox 818 4891 942 4965; x_wconf 87' lang='lat' dir='ltr'><strong>fissuris,</strong></span> 
     </span>
     <span class='ocr_line' id='line_1_76' title="bbox 120 4979 945 5055; baseline 0.001 -17"><span class='ocrx_word' id='word_1_643' title='bbox 120 4986 229 5055; x_wconf 84' lang='lat' dir='ltr'><strong>praeter</strong></span> <span class='ocrx_word' id='word_1_644' title='bbox 241 4981 456 5039; x_wconf 88' lang='lat' dir='ltr'><strong>nidificationes</strong></span> <span class='ocrx_word' id='word_1_645' title='bbox 467 4979 720 5053; x_wconf 89' lang='lat' dir='ltr'><strong>vespertilionum,</strong></span> <span class='ocrx_word' id='word_1_646' title='bbox 731 4985 760 5038; x_wconf 92' lang='lat' dir='ltr'><strong>et</strong></span> <span class='ocrx_word' id='word_1_647' title='bbox 772 4981 846 5038; x_wconf 89' lang='lat' dir='ltr'><strong>telas</strong></span> <span class='ocrx_word' id='word_1_648' title='bbox 863 4996 945 5054; x_wconf 88' lang='lat' dir='ltr'><strong>repe·</strong></span> 
     </span>
     <span class='ocr_line' id='line_1_77' title="bbox 119 5067 944 5142; baseline -0.001 -16"><span class='ocrx_word' id='word_1_649' title='bbox 119 5068 159 5126; x_wconf 93' lang='lat' dir='ltr'><strong>rit</strong></span> <span class='ocrx_word' id='word_1_650' title='bbox 174 5082 354 5127; x_wconf 86' lang='lat' dir='ltr'><strong>aranearum.</strong></span> <span class='ocrx_word' id='word_1_651' title='bbox 372 5069 453 5127; x_wconf 90' lang='lat' dir='ltr'><strong>Unde</strong></span> <span class='ocrx_word' id='word_1_652' title='bbox 470 5068 605 5125; x_wconf 90' lang='lat' dir='ltr'><strong>nimirum</strong></span> <span class='ocrx_word' id='word_1_653' title='bbox 622 5067 677 5142; x_wconf 72' lang='lat' dir='ltr'><strong>ts,</strong></span> <span class='ocrx_word' id='word_1_654' title='bbox 694 5068 834 5141; x_wconf 77' lang='lat' dir='ltr'><strong>nimiuml,</strong></span> <span class='ocrx_word' id='word_1_655' title='bbox 848 5073 880 5127; x_wconf 94' lang='lat' dir='ltr'><strong>nt</strong></span> <span class='ocrx_word' id='word_1_656' title='bbox 891 5084 944 5142; x_wconf 89' lang='lat' dir='ltr'><strong>par</strong></span> 
     </span>
     <span class='ocr_line' id='line_1_78' title="bbox 118 5157 943 5228; baseline 0.001 -14"><span class='ocrx_word' id='word_1_657' title='bbox 118 5159 191 5227; x_wconf 86' lang='lat' dir='ltr'><strong>erat,</strong></span> <span class='ocrx_word' id='word_1_658' title='bbox 204 5159 524 5228; x_wconf 86' lang='lat' dir='ltr'><strong>monteconsternatus,</strong></span> <span class='ocrx_word' id='word_1_659' title='bbox 533 5157 943 5228; x_wconf 89' lang='lat' dir='ltr'><strong>absquemorarumdilatione</strong></span> 
     </span>
     <span class='ocr_line' id='line_1_79' title="bbox 119 5243 945 5320; baseline 0 -17"><span class='ocrx_word' id='word_1_660' title='bbox 119 5243 297 5303; x_wconf 82' lang='lat' dir='ltr'><strong>Coloniensis</strong></span> <span class='ocrx_word' id='word_1_661' title='bbox 308 5244 447 5304; x_wconf 78' lang='lat' dir='ltr'><strong>Ecclesia</strong></span> <span class='ocrx_word' id='word_1_662' title='bbox 458 5243 612 5320; x_wconf 81' lang='lat' dir='ltr'><strong>praesulem</strong></span> <span class='ocrx_word' id='word_1_663' title='bbox 623 5245 705 5317; x_wconf 92' lang='lat' dir='ltr'><strong>adiit,</strong></span> <span class='ocrx_word' id='word_1_664' title='bbox 715 5244 768 5317; x_wconf 90' lang='lat' dir='ltr'><strong>illi,</strong></span> <span class='ocrx_word' id='word_1_665' title='bbox 782 5250 945 5318; x_wconf 77' lang='lat' dir='ltr'><strong>quaegesta</strong></span> 
     </span>
    </p>
   </div>
   <div class='ocr_carea' id='block_1_10' title="bbox 998 4536 1880 5319">
    <p class='ocr_par' dir='ltr' id='par_1_12' title="bbox 998 4536 1880 5319">
     <span class='ocr_line' id='line_1_80' title="bbox 1003 4536 1827 4608; baseline 0.012 -16"><span class='ocrx_word' id='word_1_666' title='bbox 1003 4536 1198 4608; x_wconf 81' lang='lat' dir='ltr'><strong>praesentibus</strong></span> <span class='ocrx_word' id='word_1_667' title='bbox 1210 4536 1293 4592; x_wconf 94' lang='lat' dir='ltr'><strong>nohis</strong></span> <span class='ocrx_word' id='word_1_668' title='bbox 1303 4536 1351 4593; x_wconf 90' lang='lat' dir='ltr'><strong>illa</strong></span> <span class='ocrx_word' id='word_1_669' title='bbox 1360 4538 1495 4595; x_wconf 89' lang='lat' dir='ltr'><strong>eomedit.</strong></span> <span class='ocrx_word' id='word_1_670' title='bbox 1509 4539 1578 4606; x_wconf 85' lang='lat' dir='ltr'><strong>Quae</strong></span> <span class='ocrx_word' id='word_1_671' title='bbox 1589 4541 1644 4597; x_wconf 92' lang='lat' dir='ltr'><strong>viri</strong></span> <span class='ocrx_word' id='word_1_672' title='bbox 1656 4542 1705 4599; x_wconf 82' lang='lat' dir='ltr'><strong>liei</strong></span> <span class='ocrx_word' id='word_1_673' title='bbox 1713 4543 1827 4602; x_wconf 89' lang='lat' dir='ltr'><strong>meritis</strong></span> 
     </span>
     <span class='ocr_line' id='line_1_81' title="bbox 1002 4625 1880 4706; baseline 0.014 -25"><span class='ocrx_word' id='word_1_674' title='bbox 1002 4640 1038 4681; x_wconf 82' lang='lat' dir='ltr'><strong>ex</strong></span> <span class='ocrx_word' id='word_1_675' title='bbox 1054 4625 1167 4695; x_wconf 83' lang='lat' dir='ltr'><strong>integro</strong></span> <span class='ocrx_word' id='word_1_676' title='bbox 1196 4625 1317 4681; x_wconf 88' lang='lat' dir='ltr'><strong>sanitati</strong></span> <span class='ocrx_word' id='word_1_677' title='bbox 1344 4626 1491 4698; x_wconf 87' lang='lat' dir='ltr'><strong>restituta,</strong></span> <span class='ocrx_word' id='word_1_678' title='bbox 1509 4629 1596 4701; x_wconf 90' lang='lat' dir='ltr'><strong>omni,</strong></span> <span class='ocrx_word' id='word_1_679' title='bbox 1613 4632 1709 4702; x_wconf 89' lang='lat' dir='ltr'><strong>quoad</strong></span> <span class='ocrx_word' id='word_1_680' title='bbox 1736 4632 1820 4706; x_wconf 84' lang='lat' dir='ltr'><strong>vixit,</strong></span> <span class='ocrx_word' id='word_1_681' title='bbox 1874 4683 1880 4693; x_wconf 89' lang='lat'>.</span> 
     </span>
     <span class='ocr_line' id='line_1_82' title="bbox 1003 4713 1824 4786; baseline 0.011 -16"><span class='ocrx_word' id='word_1_682' title='bbox 1003 4719 1133 4786; x_wconf 90' lang='lat' dir='ltr'><strong>tempore</strong></span> <span class='ocrx_word' id='word_1_683' title='bbox 1148 4713 1253 4770; x_wconf 91' lang='lat' dir='ltr'><strong>ibidem</strong></span> <span class='ocrx_word' id='word_1_684' title='bbox 1274 4713 1406 4774; x_wconf 87' lang='lat' dir='ltr'><strong>ceclesiae</strong></span> <span class='ocrx_word' id='word_1_685' title='bbox 1429 4717 1530 4775; x_wconf 90' lang='lat' dir='ltr'><strong>usibus</strong></span> <span class='ocrx_word' id='word_1_686' title='bbox 1546 4723 1627 4774; x_wconf 90' lang='lat' dir='ltr'><strong>tanto</strong></span> <span class='ocrx_word' id='word_1_687' title='bbox 1641 4721 1824 4780; x_wconf 86' lang='lat' dir='ltr'><strong>commodius</strong></span> 
     </span>
     <span class='ocr_line' id='line_1_83' title="bbox 1001 4802 1825 4880; baseline 0.006 -20"><span class='ocrx_word' id='word_1_688' title='bbox 1001 4818 1033 4860; x_wconf 89' lang='lat' dir='ltr'><strong>ac</strong></span> <span class='ocrx_word' id='word_1_689' title='bbox 1044 4802 1297 4860; x_wconf 89' lang='lat' dir='ltr'><strong>devotiusstnduit</strong></span> <span class='ocrx_word' id='word_1_690' title='bbox 1311 4804 1470 4876; x_wconf 88' lang='lat' dir='ltr'><strong>deservire,</strong></span> <span class='ocrx_word' id='word_1_691' title='bbox 1483 4809 1593 4877; x_wconf 89' lang='lat' dir='ltr'><strong>quanto</strong></span> <span class='ocrx_word' id='word_1_692' title='bbox 1605 4821 1665 4880; x_wconf 85' lang='lat' dir='ltr'><strong>prae</strong></span> <span class='ocrx_word' id='word_1_693' title='bbox 1676 4807 1742 4866; x_wconf 84' lang='lat' dir='ltr'><strong>aliis</strong></span> <span class='ocrx_word' id='word_1_694' title='bbox 1752 4808 1825 4867; x_wconf 89' lang='lat' dir='ltr'><strong>mul·</strong></span> 
     </span>
     <span class='ocr_line' id='line_1_84' title="bbox 999 4890 1822 4964; baseline 0.01 -19"><span class='ocrx_word' id='word_1_695' title='bbox 999 4891 1130 4963; x_wconf 92' lang='lat' dir='ltr'><strong>tiplieius</strong></span> <span class='ocrx_word' id='word_1_696' title='bbox 1146 4906 1179 4948; x_wconf 91' lang='lat' dir='ltr'><strong>ae</strong></span> <span class='ocrx_word' id='word_1_697' title='bbox 1202 4890 1384 4948; x_wconf 87' lang='lat' dir='ltr'><strong>differentius</strong></span> <span class='ocrx_word' id='word_1_698' title='bbox 1399 4893 1509 4964; x_wconf 83' lang='lat' dir='ltr'><strong>gratias</strong></span> <span class='ocrx_word' id='word_1_699' title='bbox 1532 4895 1690 4954; x_wconf 87' lang='lat' dir='ltr'><strong>sanitatum</strong></span> <span class='ocrx_word' id='word_1_700' title='bbox 1715 4896 1822 4955; x_wconf 87' lang='lat' dir='ltr'><strong>meruit</strong></span> 
     </span>
     <span class='ocr_line' id='line_1_85' title="bbox 999 4979 1823 5061; baseline 0.01 -24"><span class='ocrx_word' id='word_1_701' title='bbox 999 4980 1142 5037; x_wconf 88' lang='lat' dir='ltr'><strong>obtinere.</strong></span> <span class='ocrx_word' id='word_1_702' title='bbox 1159 4979 1210 5036; x_wconf 88' lang='lat' dir='ltr'><strong>Vir</strong></span> <span class='ocrx_word' id='word_1_703' title='bbox 1226 4984 1322 5036; x_wconf 90' lang='lat' dir='ltr'><strong>autom</strong></span> <span class='ocrx_word' id='word_1_704' title='bbox 1340 4980 1463 5052; x_wconf 87' lang='lat' dir='ltr'><strong>Domini,</strong></span> <span class='ocrx_word' id='word_1_705' title='bbox 1482 4997 1646 5056; x_wconf 79' lang='lat' dir='ltr'><strong>quanquam</strong></span> <span class='ocrx_word' id='word_1_706' title='bbox 1676 4989 1735 5042; x_wconf 91' lang='lat' dir='ltr'><strong>tam</strong></span> <span class='ocrx_word' id='word_1_707' title='bbox 1750 5001 1823 5061; x_wconf 80' lang='lat' dir='ltr'><strong>praa·</strong></span> 
     </span>
     <span class='ocr_line' id='line_1_86' title="bbox 998 5067 1822 5144; baseline 0.008 -18"><span class='ocrx_word' id='word_1_708' title='bbox 998 5068 1243 5126; x_wconf 86' lang='lat' dir='ltr'><strong>elariseteximiis</strong></span> <span class='ocrx_word' id='word_1_709' title='bbox 1253 5067 1554 5141; x_wconf 91' lang='lat' dir='ltr'><strong>polleretvirtntibns,</strong></span> <span class='ocrx_word' id='word_1_710' title='bbox 1567 5085 1714 5144; x_wconf 89' lang='lat' dir='ltr'><strong>nunquam</strong></span> <span class='ocrx_word' id='word_1_711' title='bbox 1724 5079 1822 5133; x_wconf 89' lang='lat' dir='ltr'><strong>tamen</strong></span> 
     </span>
     <span class='ocr_line' id='line_1_87' title="bbox 999 5155 1820 5231; baseline 0.011 -18"><span class='ocrx_word' id='word_1_712' title='bbox 999 5155 1079 5214; x_wconf 90' lang='lat' dir='ltr'><strong>illius</strong></span> <span class='ocrx_word' id='word_1_713' title='bbox 1095 5156 1214 5213; x_wconf 90' lang='lat' dir='ltr'><strong>elationi</strong></span> <span class='ocrx_word' id='word_1_714' title='bbox 1235 5156 1391 5214; x_wconf 90' lang='lat' dir='ltr'><strong>succubuit</strong></span> <span class='ocrx_word' id='word_1_715' title='bbox 1416 5157 1538 5231; x_wconf 90' lang='lat' dir='ltr'><strong>animus,</strong></span> <span class='ocrx_word' id='word_1_716' title='bbox 1555 5172 1611 5217; x_wconf 92' lang='lat' dir='ltr'><strong>non</strong></span> <span class='ocrx_word' id='word_1_717' title='bbox 1634 5158 1820 5231; x_wconf 86' lang='lat' dir='ltr'><strong>gloriandum</strong></span> 
     </span>
     <span class='ocr_line' id='line_1_88' title="bbox 999 5245 1821 5319; baseline 0.009 -17"><span class='ocrx_word' id='word_1_718' title='bbox 999 5246 1131 5304; x_wconf 87' lang='lat' dir='ltr'><strong>recolens</strong></span> <span class='ocrx_word' id='word_1_719' title='bbox 1147 5260 1184 5303; x_wconf 86' lang='lat' dir='ltr'><strong>ex</strong></span> <span class='ocrx_word' id='word_1_720' title='bbox 1197 5245 1308 5305; x_wconf 88' lang='lat' dir='ltr'><strong>virtute</strong></span> <span class='ocrx_word' id='word_1_721' title='bbox 1316 5245 1474 5319; x_wconf 83' lang='lat' dir='ltr'><strong>signorum,</strong></span> <span class='ocrx_word' id='word_1_722' title='bbox 1487 5248 1540 5305; x_wconf 89' lang='lat' dir='ltr'><strong>sed</strong></span> <span class='ocrx_word' id='word_1_723' title='bbox 1552 5262 1590 5305; x_wconf 84' lang='lat' dir='ltr'><strong>ex</strong></span> <span class='ocrx_word' id='word_1_724' title='bbox 1599 5249 1752 5309; x_wconf 89' lang='lat' dir='ltr'><strong>consortio</strong></span> <span class='ocrx_word' id='word_1_725' title='bbox 1762 5252 1821 5309; x_wconf 92' lang='lat' dir='ltr'><strong>col·</strong></span> 
     </span>
    </p>
   </div>
   <div class='ocr_carea' id='block_1_11' title="bbox 114 5392 1817 5597">
    <p class='ocr_par' dir='ltr' id='par_1_13' title="bbox 114 5392 1817 5597">
     <span class='ocr_line' id='line_1_89' title="bbox 153 5392 1817 5525; baseline 0.004 -74"><span class='ocrx_word' id='word_1_726' title='bbox 153 5393 214 5476; x_wconf 33' lang='lat' dir='ltr'><strong>(at),</strong></span> <span class='ocrx_word' id='word_1_727' title='bbox 227 5392 455 5476; x_wconf 72' lang='lat' dir='ltr'><strong>scardonensis,</strong></span> <span class='ocrx_word' id='word_1_728' title='bbox 465 5395 679 5480; x_wconf 82' lang='lat' dir='ltr'><strong>restituendum</strong></span> <span class='ocrx_word' id='word_1_729' title='bbox 690 5410 757 5454; x_wconf 90' lang='lat' dir='ltr'><strong>esse</strong></span> <span class='ocrx_word' id='word_1_730' title='bbox 768 5399 852 5479; x_wconf 81' lang='lat' dir='ltr'><strong>putat</strong></span> <span class='ocrx_word' id='word_1_731' title='bbox 865 5398 937 5479; x_wconf 86' lang='lat' dir='ltr'><strong>lien·</strong></span> <span class='ocrx_word' id='word_1_732' title='bbox 992 5397 1041 5456; x_wconf 91' lang='lat' dir='ltr'><strong>ille</strong></span> <span class='ocrx_word' id='word_1_733' title='bbox 1057 5397 1223 5525; x_wconf 65' lang='lat' dir='ltr'><strong>episeopus,</strong></span> <span class='ocrx_word' id='word_1_734' title='bbox 1240 5409 1326 5470; x_wconf 88' lang='lat' dir='ltr'><strong>quem</strong></span> <span class='ocrx_word' id='word_1_735' title='bbox 1354 5395 1598 5472; x_wconf 85' lang='lat' dir='ltr'><strong>chorepiscopum</strong></span> <span class='ocrx_word' id='word_1_736' title='bbox 1614 5396 1817 5459; x_wconf 79' lang='lat' dir='ltr'><strong>coloniensem</strong></span> 
     </span>
     <span class='ocr_line' id='line_1_90' title="bbox 114 5464 1130 5597; baseline 0.004 -73"><span class='ocrx_word' id='word_1_737' title='bbox 114 5465 263 5597; x_wconf 57' lang='grc' dir='ltr'><strong>εοῐιθηιιιέἶ</strong></span> <span class='ocrx_word' id='word_1_738' title='bbox 281 5477 316 5521; x_wconf 90' lang='lat' dir='ltr'><strong>eo</strong></span> <span class='ocrx_word' id='word_1_739' title='bbox 338 5464 415 5537; x_wconf 92' lang='lat' dir='ltr'><strong>quod</strong></span> <span class='ocrx_word' id='word_1_740' title='bbox 431 5481 493 5536; x_wconf 69' lang='lat' dir='ltr'><strong>epus</strong></span> <span class='ocrx_word' id='word_1_741' title='bbox 516 5483 641 5524; x_wconf 80' lang='lat' dir='ltr'><strong>nominis</strong></span> <span class='ocrx_word' id='word_1_742' title='bbox 655 5469 739 5525; x_wconf 89' lang='lat' dir='ltr'><strong>sedes</strong></span> <span class='ocrx_word' id='word_1_743' title='bbox 763 5468 937 5541; x_wconf 80' lang='lat' dir='ltr'><strong>episcopalis</strong></span> <span class='ocrx_word' id='word_1_744' title='bbox 991 5469 1077 5544; x_wconf 88' lang='lat' dir='ltr'><strong>appel</strong></span> <span class='ocrx_word' id='word_1_745' title='bbox 1091 5473 1130 5528; x_wconf 89' lang='lat' dir='ltr'><strong>at.</strong></span> 
     </span>
    </p>
   </div>
   <div class='ocr_carea' id='block_1_12' title="bbox 112 5536 937 5609">
    <p class='ocr_par' dir='ltr' id='par_1_14' title="bbox 112 5536 937 5609">
     <span class='ocr_line' id='line_1_91' title="bbox 112 5536 937 5609; baseline 0.002 -11"><span class='ocrx_word' id='word_1_746' title='bbox 112 5536 154 5598; x_wconf 86' lang='lat' dir='ltr'><strong>sit</strong></span> <span class='ocrx_word' id='word_1_747' title='bbox 167 5537 232 5595; x_wconf 81' lang='lat' dir='ltr'><strong>mli</strong></span> <span class='ocrx_word' id='word_1_748' title='bbox 264 5536 362 5596; x_wconf 80' lang='lat' dir='ltr'><strong>matie.</strong></span> <span class='ocrx_word' id='word_1_749' title='bbox 390 5536 474 5609; x_wconf 81' lang='lat' dir='ltr'><strong>cuius</strong></span> <span class='ocrx_word' id='word_1_750' title='bbox 489 5539 563 5597; x_wconf 88' lang='lat' dir='ltr'><strong>forte</strong></span> <span class='ocrx_word' id='word_1_751' title='bbox 592 5537 680 5598; x_wconf 93' lang='lat' dir='ltr'><strong>titulo</strong></span> <span class='ocrx_word' id='word_1_752' title='bbox 695 5539 820 5600; x_wconf 88' lang='lat' dir='ltr'><strong>donatus</strong></span> <span class='ocrx_word' id='word_1_753' title='bbox 848 5540 937 5600; x_wconf 90' lang='lat' dir='ltr'><strong>fuerit</strong></span> 
     </span>
    </p>
   </div>
   <div class='ocr_carea' id='block_1_13' title="bbox 0 0 1898 6000">
    <p class='ocr_par' dir='ltr' id='par_1_15' title="bbox 0 0 1898 6000">
     <span class='ocr_line' id='line_1_92' title="bbox 0 0 1898 6000; baseline 0 8"><span class='ocrx_word' id='word_1_754' title='bbox 0 0 1898 6000; x_wconf 95' lang='lat' dir='ltr'><strong> </strong></span> 
     </span>
    </p>
   </div>
  </div>
 </body>
</html>
