<?xml version="1.0" encoding="UTF-8"?>
<!DOCTYPE html PUBLIC "-//W3C//DTD XHTML 1.0 Transitional//EN"
    "http://www.w3.org/TR/xhtml1/DTD/xhtml1-transitional.dtd">
<html xmlns="http://www.w3.org/1999/xhtml" xml:lang="en" lang="en">
 <head>
  <title>
</title>
<meta http-equiv="Content-Type" content="text/html;charset=utf-8" />
  <meta name='ocr-system' content='tesseract 3.04.00' />
  <meta name='ocr-capabilities' content='ocr_page ocr_carea ocr_par ocr_line ocrx_word'/>
</head>
<body>
  <div class='ocr_page' id='page_1' title='image "./patrologiaecurs34unkngoog_0491.png"; bbox 0 0 3788 6000; ppageno 0'>
   <div class='ocr_carea' id='block_1_1' title="bbox 116 201 1825 281">
    <p class='ocr_par' dir='ltr' id='par_1_1' title="bbox 116 201 1825 281">
     <span class='ocr_line' id='line_1_1' title="bbox 116 201 1825 281; baseline -0.007 -3"><span class='ocrx_word' id='word_1_1' title='bbox 116 211 172 278; x_wconf 78' lang='lat' dir='ltr'><strong>till</strong></span> <span class='ocrx_word' id='word_1_2' title='bbox 436 261 439 265; x_wconf 87' lang='lat'>-</span> <span class='ocrx_word' id='word_1_3' title='bbox 695 205 1239 281; x_wconf 75' lang='lat' dir='ltr'>EKKEHARDI‘URAUGIENSIS</span> <span class='ocrx_word' id='word_1_4' title='bbox 1766 201 1825 266; x_wconf 78' lang='lat'><strong>972</strong></span> 
     </span>
    </p>
   </div>
   <div class='ocr_carea' id='block_1_2' title="bbox 37 319 1826 4833">
    <p class='ocr_par' dir='ltr' id='par_1_2' title="bbox 37 319 1826 1388">
     <span class='ocr_line' id='line_1_2' title="bbox 116 319 1826 422; baseline -0.005 -17"><span class='ocrx_word' id='word_1_5' title='bbox 116 349 222 422; x_wconf 91' lang='lat' dir='ltr'><strong>partim</strong></span> <span class='ocrx_word' id='word_1_6' title='bbox 239 350 316 406; x_wconf 91' lang='lat' dir='ltr'><strong>ferre</strong></span> <span class='ocrx_word' id='word_1_7' title='bbox 332 347 516 420; x_wconf 78' lang='lat' dir='ltr'><strong>disperisset,</strong></span> <span class='ocrx_word' id='word_1_8' title='bbox 533 351 701 422; x_wconf 86' lang='lat' dir='ltr'><strong>paucissimi</strong></span> <span class='ocrx_word' id='word_1_9' title='bbox 721 352 770 422; x_wconf 93' lang='lat' dir='ltr'><strong>qui</strong></span> <span class='ocrx_word' id='word_1_10' title='bbox 794 351 939 407; x_wconf 90' lang='lat' dir='ltr'><strong>r&#39;emuuse-</strong></span> <span class='ocrx_word' id='word_1_11' title='bbox 954 354 981 412; x_wconf 85' lang='lat' dir='ltr'><strong>A</strong></span> <span class='ocrx_word' id='word_1_12' title='bbox 996 347 1051 404; x_wconf 89' lang='lat' dir='ltr'><strong>mis</strong></span> <span class='ocrx_word' id='word_1_13' title='bbox 1062 347 1234 419; x_wconf 75' lang='lat' dir='ltr'>preproperi</span> <span class='ocrx_word' id='word_1_14' title='bbox 1244 344 1369 418; x_wconf 87' lang='lat' dir='ltr'><strong>judices,</strong></span> <span class='ocrx_word' id='word_1_15' title='bbox 1378 339 1565 414; x_wconf 90' lang='lat' dir='ltr'><strong>interpretati</strong></span> <span class='ocrx_word' id='word_1_16' title='bbox 1576 342 1654 398; x_wconf 90' lang='lat' dir='ltr'><strong>suut.</strong></span> <span class='ocrx_word' id='word_1_17' title='bbox 1668 336 1768 396; x_wconf 87' lang='lat' dir='ltr'><strong>Paleis</strong></span> <span class='ocrx_word' id='word_1_18' title='bbox 1780 319 1826 373; x_wconf 75' lang='lat'><strong>¹⁴⁸¹</strong></span> 
     </span>
     <span class='ocr_line' id='line_1_3' title="bbox 117 428 1824 508; baseline -0.004 -15"><span class='ocrx_word' id='word_1_19' title='bbox 117 442 181 494; x_wconf 92' lang='lat' dir='ltr'><strong>rant</strong></span> <span class='ocrx_word' id='word_1_20' title='bbox 197 436 291 493; x_wconf 89' lang='lat' dir='ltr'><strong>adbuc</strong></span> <span class='ocrx_word' id='word_1_21' title='bbox 306 437 409 492; x_wconf 87' lang='lat' dir='ltr'><strong>testari</strong></span> <span class='ocrx_word' id='word_1_22' title='bbox 433 437 538 508; x_wconf 80' lang='lat' dir='ltr'>solent,</span> <span class='ocrx_word' id='word_1_23' title='bbox 554 440 631 508; x_wconf 91' lang='lat' dir='ltr'><strong>quod</strong></span> <span class='ocrx_word' id='word_1_24' title='bbox 654 440 751 496; x_wconf 90' lang='lat' dir='ltr'><strong>crucis</strong></span> <span class='ocrx_word' id='word_1_25' title='bbox 767 440 877 508; x_wconf 90' lang='lat' dir='ltr'><strong>siguum</strong></span> <span class='ocrx_word' id='word_1_26' title='bbox 893 453 941 496; x_wconf 92' lang='lat' dir='ltr'><strong>su·</strong></span> <span class='ocrx_word' id='word_1_27' title='bbox 995 439 1090 492; x_wconf 91' lang='lat' dir='ltr'><strong>tamen</strong></span> <span class='ocrx_word' id='word_1_28' title='bbox 1105 451 1139 493; x_wconf 85' lang='lat' dir='ltr'><strong>cr</strong></span> <span class='ocrx_word' id='word_1_29' title='bbox 1156 450 1224 492; x_wconf 89' lang='lat' dir='ltr'><strong>area</strong></span> <span class='ocrx_word' id='word_1_30' title='bbox 1240 434 1384 492; x_wconf 87' lang='lat' dir='ltr'><strong>dominica</strong></span> <span class='ocrx_word' id='word_1_31' title='bbox 1409 431 1576 500; x_wconf 84' lang='lat' dir='ltr'><strong>hujusmodi</strong></span> <span class='ocrx_word' id='word_1_32' title='bbox 1592 428 1759 486; x_wconf 85' lang='lat' dir='ltr'><strong>ventilabro</strong></span> <span class='ocrx_word' id='word_1_33' title='bbox 1775 429 1824 486; x_wconf 89' lang='lat' dir='ltr'><strong>de·</strong></span> 
     </span>
     <span class='ocr_line' id='line_1_4' title="bbox 116 517 1825 597; baseline -0.005 -16"><span class='ocrx_word' id='word_1_34' title='bbox 116 541 167 597; x_wconf 93' lang='lat' dir='ltr'><strong>per</strong></span> <span class='ocrx_word' id='word_1_35' title='bbox 181 541 213 582; x_wconf 92' lang='lat' dir='ltr'><strong>se</strong></span> <span class='ocrx_word' id='word_1_36' title='bbox 233 525 348 583; x_wconf 78' lang='lat' dir='ltr'><strong>caelitus</strong></span> <span class='ocrx_word' id='word_1_37' title='bbox 372 540 525 597; x_wconf 90' lang='lat' dir='ltr'><strong>apparens,</strong></span> <span class='ocrx_word' id='word_1_38' title='bbox 544 525 579 581; x_wconf 92' lang='lat' dir='ltr'><strong>ab</strong></span> <span class='ocrx_word' id='word_1_39' title='bbox 602 527 769 582; x_wconf 77' lang='lat' dir='ltr'><strong>imminente</strong></span> <span class='ocrx_word' id='word_1_40' title='bbox 793 541 845 582; x_wconf 91' lang='lat' dir='ltr'><strong>eos</strong></span> <span class='ocrx_word' id='word_1_41' title='bbox 868 540 939 583; x_wconf 87' lang='lat' dir='ltr'><strong>uoce</strong></span> <span class='ocrx_word' id='word_1_42' title='bbox 993 525 1098 594; x_wconf 88' lang='lat' dir='ltr'><strong>cussis,</strong></span> <span class='ocrx_word' id='word_1_43' title='bbox 1116 524 1243 581; x_wconf 88' lang='lat' dir='ltr'><strong>vidimus</strong></span> <span class='ocrx_word' id='word_1_44' title='bbox 1256 539 1345 594; x_wconf 84' lang='lat' dir='ltr'><strong>grana</strong></span> <span class='ocrx_word' id='word_1_45' title='bbox 1362 521 1484 577; x_wconf 89' lang='lat' dir='ltr'><strong>triticea</strong></span> <span class='ocrx_word' id='word_1_46' title='bbox 1506 517 1650 575; x_wconf 87' lang='lat' dir='ltr'><strong>naturalis</strong></span> <span class='ocrx_word' id='word_1_47' title='bbox 1666 517 1825 574; x_wconf 79' lang='lat' dir='ltr'><strong>soliditatis</strong></span> 
     </span>
     <span class='ocr_line' id='line_1_5' title="bbox 114 607 1824 684; baseline -0.003 -17"><span class='ocrx_word' id='word_1_48' title='bbox 114 613 280 671; x_wconf 86' lang='lat' dir='ltr'><strong>liberasset.</strong></span> <span class='ocrx_word' id='word_1_49' title='bbox 298 613 487 670; x_wconf 84' lang='lat' dir='ltr'><strong>Gotescalcus</strong></span> <span class='ocrx_word' id='word_1_50' title='bbox 504 627 585 683; x_wconf 86' lang='lat' dir='ltr'><strong>rere,</strong></span> <span class='ocrx_word' id='word_1_51' title='bbox 605 629 659 669; x_wconf 91' lang='lat' dir='ltr'><strong>nou</strong></span> <span class='ocrx_word' id='word_1_52' title='bbox 676 629 763 671; x_wconf 84' lang='lat' dir='ltr'><strong>verus</strong></span> <span class='ocrx_word' id='word_1_53' title='bbox 779 614 830 671; x_wconf 91' lang='lat' dir='ltr'><strong>scd</strong></span> <span class='ocrx_word' id='word_1_54' title='bbox 847 613 938 670; x_wconf 89' lang='lat' dir='ltr'><strong>falsus</strong></span> <span class='ocrx_word' id='word_1_55' title='bbox 991 613 1136 682; x_wconf 90' lang='lat' dir='ltr'><strong>gravitate</strong></span> <span class='ocrx_word' id='word_1_56' title='bbox 1147 613 1348 684; x_wconf 78' lang='lat' dir='ltr'><strong>perdurantia,</strong></span> <span class='ocrx_word' id='word_1_57' title='bbox 1364 609 1546 666; x_wconf 87' lang='lat' dir='ltr'><strong>Gotefridurn</strong></span> <span class='ocrx_word' id='word_1_58' title='bbox 1561 607 1675 664; x_wconf 88' lang='lat' dir='ltr'><strong>scilicet</strong></span> <span class='ocrx_word' id='word_1_59' title='bbox 1687 610 1824 664; x_wconf 73' lang='lat' dir='ltr'><strong>caeteros-</strong></span> 
     </span>
     <span class='ocr_line' id='line_1_6' title="bbox 112 695 1820 772; baseline -0.004 -16"><span class='ocrx_word' id='word_1_60' title='bbox 112 702 162 757; x_wconf 84' lang='lat' dir='ltr'><strong>llei</strong></span> <span class='ocrx_word' id='word_1_61' title='bbox 178 717 291 771; x_wconf 81' lang='lat' dir='ltr'><strong>servus,</strong></span> <span class='ocrx_word' id='word_1_62' title='bbox 310 707 464 772; x_wconf 87' lang='lat' dir='ltr'><strong>postquam</strong></span> <span class='ocrx_word' id='word_1_63' title='bbox 489 717 544 757; x_wconf 90' lang='lat' dir='ltr'><strong>uon</strong></span> <span class='ocrx_word' id='word_1_64' title='bbox 568 702 631 757; x_wconf 90' lang='lat' dir='ltr'><strong>siue</strong></span> <span class='ocrx_word' id='word_1_65' title='bbox 656 701 760 758; x_wconf 89' lang='lat' dir='ltr'><strong>damno</strong></span> <span class='ocrx_word' id='word_1_66' title='bbox 784 702 937 759; x_wconf 89' lang='lat' dir='ltr'><strong>orientalis</strong></span> <span class='ocrx_word' id='word_1_67' title='bbox 992 697 1517 772; x_wconf 73' lang='lat' dir='ltr'><strong>queprenominatusrereDcruinicre</strong></span> <span class='ocrx_word' id='word_1_68' title='bbox 1527 695 1820 763; x_wconf 80' lang='lat' dir='ltr'><strong>militiaeduces,cum</strong></span> 
     </span>
     <span class='ocr_line' id='line_1_7' title="bbox 114 783 1819 860; baseline -0.004 -16"><span class='ocrx_word' id='word_1_69' title='bbox 114 791 225 846; x_wconf 85' lang='lat' dir='ltr'><strong>Nericae</strong></span> <span class='ocrx_word' id='word_1_70' title='bbox 247 793 399 858; x_wconf 63' lang='lat' dir='ltr'><strong>lingarum</strong></span> <span class='ocrx_word' id='word_1_71' title='bbox 417 790 487 845; x_wconf 87' lang='lat' dir='ltr'><strong>Cum</strong></span> <span class='ocrx_word' id='word_1_72' title='bbox 512 790 574 846; x_wconf 89' lang='lat' dir='ltr'><strong>suis</strong></span> <span class='ocrx_word' id='word_1_73' title='bbox 600 789 730 860; x_wconf 85' lang='lat' dir='ltr'><strong>intravit,</strong></span> <span class='ocrx_word' id='word_1_74' title='bbox 758 791 935 848; x_wconf 88' lang='lat' dir='ltr'><strong>ammiranda</strong></span> <span class='ocrx_word' id='word_1_75' title='bbox 991 789 1052 845; x_wconf 89' lang='lat' dir='ltr'><strong>suis</strong></span> <span class='ocrx_word' id='word_1_76' title='bbox 1068 788 1175 857; x_wconf 81' lang='lat' dir='ltr'><strong>singuli</strong></span> <span class='ocrx_word' id='word_1_77' title='bbox 1191 803 1281 859; x_wconf 91' lang='lat' dir='ltr'><strong>super</strong></span> <span class='ocrx_word' id='word_1_78' title='bbox 1298 800 1411 842; x_wconf 91' lang='lat' dir='ltr'><strong>omnem</strong></span> <span class='ocrx_word' id='word_1_79' title='bbox 1429 783 1580 840; x_wconf 90' lang='lat' dir='ltr'><strong>stellarum</strong></span> <span class='ocrx_word' id='word_1_80' title='bbox 1596 783 1819 853; x_wconf 82' lang='lat' dir='ltr'><strong>dispositionem</strong></span> 
     </span>
     <span class='ocr_line' id='line_1_8' title="bbox 114 871 1819 947; baseline -0.004 -15"><span class='ocrx_word' id='word_1_81' title='bbox 114 877 193 933; x_wconf 83' lang='lat' dir='ltr'><strong>falsae</strong></span> <span class='ocrx_word' id='word_1_82' title='bbox 209 877 358 945; x_wconf 85' lang='lat' dir='ltr'><strong>religionis</strong></span> <span class='ocrx_word' id='word_1_83' title='bbox 385 876 483 946; x_wconf 90' lang='lat' dir='ltr'><strong>specie</strong></span> <span class='ocrx_word' id='word_1_84' title='bbox 509 877 697 933; x_wconf 89' lang='lat' dir='ltr'><strong>munitionem</strong></span> <span class='ocrx_word' id='word_1_85' title='bbox 722 879 749 932; x_wconf 93' lang='lat' dir='ltr'><strong>iu</strong></span> <span class='ocrx_word' id='word_1_86' title='bbox 775 893 842 934; x_wconf 91' lang='lat' dir='ltr'><strong>arce</strong></span> <span class='ocrx_word' id='word_1_87' title='bbox 867 893 936 947; x_wconf 89' lang='lat' dir='ltr'><strong>qua·</strong></span> <span class='ocrx_word' id='word_1_88' title='bbox 991 875 1134 946; x_wconf 81' lang='lat' dir='ltr'><strong>speciosis</strong></span> <span class='ocrx_word' id='word_1_89' title='bbox 1149 876 1257 932; x_wconf 88' lang='lat' dir='ltr'><strong>castris</strong></span> <span class='ocrx_word' id='word_1_90' title='bbox 1273 876 1309 931; x_wconf 93' lang='lat' dir='ltr'><strong>ab</strong></span> <span class='ocrx_word' id='word_1_91' title='bbox 1332 873 1478 931; x_wconf 91' lang='lat' dir='ltr'><strong>universis</strong></span> <span class='ocrx_word' id='word_1_92' title='bbox 1501 886 1573 943; x_wconf 91' lang='lat' dir='ltr'><strong>quas</strong></span> <span class='ocrx_word' id='word_1_93' title='bbox 1600 871 1819 943; x_wconf 77' lang='lat' dir='ltr'><strong>pertransibant</strong></span> 
     </span>
     <span class='ocr_line' id='line_1_9' title="bbox 111 957 1818 1037; baseline -0.004 -16"><span class='ocrx_word' id='word_1_94' title='bbox 111 966 176 1021; x_wconf 88' lang='lat' dir='ltr'><strong>daur</strong></span> <span class='ocrx_word' id='word_1_95' title='bbox 194 965 267 1033; x_wconf 70' lang='lat'>(288)</span> <span class='ocrx_word' id='word_1_96' title='bbox 283 965 474 1034; x_wconf 83' lang='lat' dir='ltr'><strong>constituere,</strong></span> <span class='ocrx_word' id='word_1_97' title='bbox 492 970 519 1019; x_wconf 88' lang='lat' dir='ltr'><strong>et</strong></span> <span class='ocrx_word' id='word_1_98' title='bbox 537 966 563 1019; x_wconf 92' lang='lat' dir='ltr'><strong>in</strong></span> <span class='ocrx_word' id='word_1_99' title='bbox 582 965 653 1035; x_wconf 90' lang='lat' dir='ltr'><strong>ipsis</strong></span> <span class='ocrx_word' id='word_1_100' title='bbox 669 965 772 1022; x_wconf 86' lang='lat' dir='ltr'><strong>locatis</strong></span> <span class='ocrx_word' id='word_1_101' title='bbox 786 965 933 1037; x_wconf 83' lang='lat' dir='ltr'><strong>presidiis,</strong></span> <span class='ocrx_word' id='word_1_102' title='bbox 988 963 1118 1031; x_wconf 85' lang='lat' dir='ltr'><strong>gentium</strong></span> <span class='ocrx_word' id='word_1_103' title='bbox 1129 964 1315 1036; x_wconf 90' lang='lat' dir='ltr'><strong>principibus</strong></span> <span class='ocrx_word' id='word_1_104' title='bbox 1328 976 1429 1034; x_wconf 87' lang='lat' dir='ltr'><strong>parem</strong></span> <span class='ocrx_word' id='word_1_105' title='bbox 1446 975 1479 1017; x_wconf 90' lang='lat' dir='ltr'><strong>ac</strong></span> <span class='ocrx_word' id='word_1_106' title='bbox 1492 961 1628 1028; x_wconf 88' lang='lat' dir='ltr'><strong>furerem,</strong></span> <span class='ocrx_word' id='word_1_107' title='bbox 1643 957 1818 1015; x_wconf 87' lang='lat' dir='ltr'><strong>humilitatis</strong></span> 
     </span>
     <span class='ocr_line' id='line_1_10' title="bbox 109 1046 1815 1124; baseline -0.004 -16"><span class='ocrx_word' id='word_1_108' title='bbox 109 1067 162 1124; x_wconf 88' lang='lat' dir='ltr'><strong>per</strong></span> <span class='ocrx_word' id='word_1_109' title='bbox 174 1051 317 1122; x_wconf 90' lang='lat' dir='ltr'><strong>reliquum</strong></span> <span class='ocrx_word' id='word_1_110' title='bbox 331 1052 604 1122; x_wconf 75' lang='lat' dir='ltr'><strong>vulgusfurrrrorrias</strong></span> <span class='ocrx_word' id='word_1_111' title='bbox 616 1053 803 1110; x_wconf 90' lang='lat' dir='ltr'><strong>circumcirca</strong></span> <span class='ocrx_word' id='word_1_112' title='bbox 817 1058 933 1110; x_wconf 88' lang='lat' dir='ltr'><strong>vastare</strong></span> <span class='ocrx_word' id='word_1_113' title='bbox 989 1058 1076 1121; x_wconf 90' lang='lat' dir='ltr'><strong>atque</strong></span> <span class='ocrx_word' id='word_1_114' title='bbox 1093 1052 1227 1108; x_wconf 85' lang='lat' dir='ltr'><strong>karitatis</strong></span> <span class='ocrx_word' id='word_1_115' title='bbox 1243 1050 1389 1122; x_wconf 80' lang='lat' dir='ltr'><strong>exemplo,</strong></span> <span class='ocrx_word' id='word_1_116' title='bbox 1408 1055 1439 1105; x_wconf 91' lang='lat' dir='ltr'><strong>ut</strong></span> <span class='ocrx_word' id='word_1_117' title='bbox 1461 1062 1528 1105; x_wconf 87' lang='lat' dir='ltr'><strong>rere</strong></span> <span class='ocrx_word' id='word_1_118' title='bbox 1546 1048 1652 1103; x_wconf 81' lang='lat' dir='ltr'><strong>Christi</strong></span> <span class='ocrx_word' id='word_1_119' title='bbox 1669 1046 1815 1118; x_wconf 89' lang='lat' dir='ltr'><strong>discipuli,</strong></span> 
     </span>
     <span class='ocr_line' id='line_1_11' title="bbox 109 1133 1818 1212; baseline -0.004 -16"><span class='ocrx_word' id='word_1_120' title='bbox 109 1141 197 1212; x_wconf 91' lang='lat' dir='ltr'><strong>cepit.</strong></span> <span class='ocrx_word' id='word_1_121' title='bbox 214 1140 275 1206; x_wconf 87' lang='lat' dir='ltr'><strong>Quo</strong></span> <span class='ocrx_word' id='word_1_122' title='bbox 291 1140 426 1197; x_wconf 88' lang='lat' dir='ltr'><strong>nimirum</strong></span> <span class='ocrx_word' id='word_1_123' title='bbox 443 1141 550 1211; x_wconf 92' lang='lat' dir='ltr'><strong>oppido</strong></span> <span class='ocrx_word' id='word_1_124' title='bbox 564 1142 600 1196; x_wconf 93' lang='lat' dir='ltr'><strong>ab</strong></span> <span class='ocrx_word' id='word_1_125' title='bbox 616 1141 760 1211; x_wconf 89' lang='lat' dir='ltr'><strong>indigenis</strong></span> <span class='ocrx_word' id='word_1_126' title='bbox 776 1142 838 1197; x_wconf 90' lang='lat' dir='ltr'><strong>siue</strong></span> <span class='ocrx_word' id='word_1_127' title='bbox 862 1142 933 1198; x_wconf 88' lang='lat' dir='ltr'><strong>dila·</strong></span> <span class='ocrx_word' id='word_1_128' title='bbox 986 1141 1308 1210; x_wconf 84' lang='lat' dir='ltr'><strong>consequentes,douec</strong></span> <span class='ocrx_word' id='word_1_129' title='bbox 1324 1138 1451 1196; x_wconf 81' lang='lat' dir='ltr'><strong>dirersis</strong></span> <span class='ocrx_word' id='word_1_130' title='bbox 1466 1137 1603 1193; x_wconf 89' lang='lat' dir='ltr'><strong>itinerum</strong></span> <span class='ocrx_word' id='word_1_131' title='bbox 1622 1133 1672 1209; x_wconf 80' lang='lat'><strong>,¹⁸⁸⁸</strong></span> <span class='ocrx_word' id='word_1_132' title='bbox 1698 1134 1818 1192; x_wconf 84' lang='lat' dir='ltr'><strong>difficul-</strong></span> 
     </span>
     <span class='ocr_line' id='line_1_12' title="bbox 37 1222 1816 1301; baseline -0.003 -18"><span class='ocrx_word' id='word_1_133' title='bbox 37 1278 39 1283; x_wconf 88' lang='lat'>.</span> <span class='ocrx_word' id='word_1_134' title='bbox 108 1228 296 1299; x_wconf 88' lang='lat' dir='ltr'><strong>tiouccapto‚</strong></span> <span class='ocrx_word' id='word_1_135' title='bbox 310 1230 395 1285; x_wconf 92' lang='lat' dir='ltr'><strong>turba</strong></span> <span class='ocrx_word' id='word_1_136' title='bbox 408 1229 655 1286; x_wconf 88' lang='lat' dir='ltr'><strong>rrrullatrucidata</strong></span> <span class='ocrx_word' id='word_1_137' title='bbox 668 1234 756 1300; x_wconf 89' lang='lat' dir='ltr'><strong>atque</strong></span> <span class='ocrx_word' id='word_1_138' title='bbox 771 1231 929 1301; x_wconf 85' lang='lat' dir='ltr'><strong>captivata,</strong></span> <span class='ocrx_word' id='word_1_139' title='bbox 987 1226 1099 1282; x_wconf 90' lang='lat' dir='ltr'><strong>tatibus</strong></span> <span class='ocrx_word' id='word_1_140' title='bbox 1125 1227 1259 1296; x_wconf 81' lang='lat' dir='ltr'><strong>bulgaria</strong></span> <span class='ocrx_word' id='word_1_141' title='bbox 1293 1231 1452 1298; x_wconf 88' lang='lat' dir='ltr'><strong>permeata,</strong></span> <span class='ocrx_word' id='word_1_142' title='bbox 1476 1222 1816 1296; x_wconf 80' lang='lat' dir='ltr'><strong>Constantinopolitanae</strong></span> 
     </span>
     <span class='ocr_line' id='line_1_13' title="bbox 107 1314 1255 1388; baseline -0.001 -17"><span class='ocrx_word' id='word_1_143' title='bbox 107 1331 180 1387; x_wconf 87' lang='lat' dir='ltr'><strong>grex</strong></span> <span class='ocrx_word' id='word_1_144' title='bbox 192 1317 323 1387; x_wconf 89' lang='lat' dir='ltr'><strong>reliquus</strong></span> <span class='ocrx_word' id='word_1_145' title='bbox 334 1316 495 1387; x_wconf 89' lang='lat' dir='ltr'><strong>dispersus,</strong></span> <span class='ocrx_word' id='word_1_146' title='bbox 510 1317 516 1371; x_wconf 94' lang='lat' dir='ltr'><strong>i</strong></span> <span class='ocrx_word' id='word_1_147' title='bbox 522 1318 863 1388; x_wconf 88' lang='lat' dir='ltr'><strong>pscquemerceunarius,</strong></span> <span class='ocrx_word' id='word_1_148' title='bbox 874 1332 930 1374; x_wconf 92' lang='lat' dir='ltr'><strong>nou</strong></span> <span class='ocrx_word' id='word_1_149' title='bbox 985 1314 1146 1384; x_wconf 77' lang='lat' dir='ltr'><strong>attigerant</strong></span> <span class='ocrx_word' id='word_1_150' title='bbox 1162 1330 1255 1372; x_wconf 91' lang='lat' dir='ltr'><strong>arces.</strong></span> 
     </span>
    </p>

    <p class='ocr_par' dir='ltr' id='par_1_3' title="bbox 100 1400 1815 3324">
     <span class='ocr_line' id='line_1_14' title="bbox 108 1400 1814 1476; baseline -0.003 -16"><span class='ocrx_word' id='word_1_151' title='bbox 108 1408 219 1476; x_wconf 89' lang='lat' dir='ltr'><strong>paster,</strong></span> <span class='ocrx_word' id='word_1_152' title='bbox 236 1405 364 1475; x_wconf 85' lang='lat' dir='ltr'><strong>turpiter</strong></span> <span class='ocrx_word' id='word_1_153' title='bbox 380 1405 496 1473; x_wconf 85' lang='lat' dir='ltr'><strong>fugatus</strong></span> <span class='ocrx_word' id='word_1_154' title='bbox 511 1411 564 1461; x_wconf 87' lang='lat' dir='ltr'><strong>est.</strong></span> <span class='ocrx_word' id='word_1_155' title='bbox 577 1406 756 1462; x_wconf 86' lang='lat' dir='ltr'><strong>-Surrcxit</strong></span> <span class='ocrx_word' id='word_1_156' title='bbox 772 1406 858 1461; x_wconf 93' lang='lat' dir='ltr'><strong>ctiam</strong></span> <span class='ocrx_word' id='word_1_157' title='bbox 870 1404 931 1462; x_wconf 90' lang='lat' dir='ltr'><strong>die·</strong></span> <span class='ocrx_word' id='word_1_158' title='bbox 1020 1404 1151 1473; x_wconf 87' lang='lat' dir='ltr'><strong>Legimus</strong></span> <span class='ocrx_word' id='word_1_159' title='bbox 1167 1405 1368 1461; x_wconf 76' lang='lat' dir='ltr'><strong>iherosolimae</strong></span> <span class='ocrx_word' id='word_1_160' title='bbox 1393 1402 1537 1471; x_wconf 90' lang='lat' dir='ltr'><strong>libellum,</strong></span> <span class='ocrx_word' id='word_1_161' title='bbox 1554 1417 1568 1458; x_wconf 91' lang='lat' dir='ltr'><strong>a</strong></span> <span class='ocrx_word' id='word_1_162' title='bbox 1592 1400 1659 1457; x_wconf 90' lang='lat' dir='ltr'><strong>loco</strong></span> <span class='ocrx_word' id='word_1_163' title='bbox 1682 1405 1814 1473; x_wconf 71' lang='lat' dir='ltr'><strong>prescutj</strong></span> 
     </span>
     <span class='ocr_line' id='line_1_15' title="bbox 107 1489 1815 1565; baseline -0.002 -16"><span class='ocrx_word' id='word_1_164' title='bbox 107 1494 163 1549; x_wconf 91' lang='lat' dir='ltr'><strong>bus</strong></span> <span class='ocrx_word' id='word_1_165' title='bbox 177 1493 250 1564; x_wconf 91' lang='lat' dir='ltr'><strong>ipsis</strong></span> <span class='ocrx_word' id='word_1_166' title='bbox 266 1492 382 1562; x_wconf 91' lang='lat' dir='ltr'><strong>quidam</strong></span> <span class='ocrx_word' id='word_1_167' title='bbox 399 1493 442 1548; x_wconf 87' lang='lat' dir='ltr'><strong>vir</strong></span> <span class='ocrx_word' id='word_1_168' title='bbox 459 1493 607 1563; x_wconf 86' lang='lat' dir='ltr'><strong>militaris,</strong></span> <span class='ocrx_word' id='word_1_169' title='bbox 626 1508 724 1550; x_wconf 90' lang='lat' dir='ltr'><strong>cernes</strong></span> <span class='ocrx_word' id='word_1_170' title='bbox 743 1500 838 1550; x_wconf 90' lang='lat' dir='ltr'><strong>tamen</strong></span> <span class='ocrx_word' id='word_1_171' title='bbox 863 1510 929 1565; x_wconf 88' lang='lat' dir='ltr'><strong>par·</strong></span> <span class='ocrx_word' id='word_1_172' title='bbox 984 1495 1074 1547; x_wconf 88' lang='lat' dir='ltr'><strong>totam</strong></span> <span class='ocrx_word' id='word_1_173' title='bbox 1090 1493 1176 1564; x_wconf 86' lang='lat' dir='ltr'><strong>bajus</strong></span> <span class='ocrx_word' id='word_1_174' title='bbox 1191 1493 1331 1564; x_wconf 84' lang='lat' dir='ltr'><strong>hystoriae</strong></span> <span class='ocrx_word' id='word_1_175' title='bbox 1352 1491 1457 1548; x_wconf 90' lang='lat' dir='ltr'><strong>seriem</strong></span> <span class='ocrx_word' id='word_1_176' title='bbox 1471 1489 1701 1559; x_wconf 79' lang='lat' dir='ltr'><strong>diligentissime</strong></span> <span class='ocrx_word' id='word_1_177' title='bbox 1717 1503 1815 1560; x_wconf 89' lang='lat' dir='ltr'><strong>prose·</strong></span> 
     </span>
     <span class='ocr_line' id='line_1_16' title="bbox 106 1577 1813 1653; baseline -0.002 -18"><span class='ocrx_word' id='word_1_178' title='bbox 106 1581 178 1637; x_wconf 91' lang='lat' dir='ltr'><strong>tium</strong></span> <span class='ocrx_word' id='word_1_179' title='bbox 194 1579 310 1637; x_wconf 90' lang='lat' dir='ltr'><strong>illarum</strong></span> <span class='ocrx_word' id='word_1_180' title='bbox 327 1595 390 1651; x_wconf 75' lang='lat' dir='ltr'><strong>quae</strong></span> <span class='ocrx_word' id='word_1_181' title='bbox 406 1581 482 1637; x_wconf 90' lang='lat' dir='ltr'><strong>circa</strong></span> <span class='ocrx_word' id='word_1_182' title='bbox 499 1583 608 1638; x_wconf 86' lang='lat' dir='ltr'><strong>Renum</strong></span> <span class='ocrx_word' id='word_1_183' title='bbox 632 1587 710 1652; x_wconf 92' lang='lat' dir='ltr'><strong>suut,</strong></span> <span class='ocrx_word' id='word_1_184' title='bbox 737 1583 854 1639; x_wconf 87' lang='lat' dir='ltr'><strong>Euricbu</strong></span> <span class='ocrx_word' id='word_1_185' title='bbox 880 1598 929 1638; x_wconf 81' lang='lat' dir='ltr'><strong>nr·</strong></span> <span class='ocrx_word' id='word_1_186' title='bbox 984 1584 1120 1648; x_wconf 82' lang='lat' dir='ltr'><strong>quantem</strong></span> <span class='ocrx_word' id='word_1_187' title='bbox 1135 1582 1336 1653; x_wconf 90' lang='lat' dir='ltr'><strong>plurimosque</strong></span> <span class='ocrx_word' id='word_1_188' title='bbox 1355 1578 1453 1652; x_wconf 92' lang='lat' dir='ltr'><strong>populi</strong></span> <span class='ocrx_word' id='word_1_189' title='bbox 1470 1579 1520 1635; x_wconf 86' lang='lat' dir='ltr'><strong>llei</strong></span> <span class='ocrx_word' id='word_1_190' title='bbox 1537 1591 1589 1649; x_wconf 94' lang='lat' dir='ltr'><strong>per</strong></span> <span class='ocrx_word' id='word_1_191' title='bbox 1602 1577 1762 1634; x_wconf 90' lang='lat' dir='ltr'><strong>triennium</strong></span> <span class='ocrx_word' id='word_1_192' title='bbox 1775 1577 1813 1632; x_wconf 86' lang='lat' dir='ltr'><strong>la·</strong></span> 
     </span>
     <span class='ocr_line' id='line_1_17' title="bbox 106 1665 1813 1759; baseline -0.002 -35"><span class='ocrx_word' id='word_1_193' title='bbox 106 1669 192 1737; x_wconf 90' lang='lat' dir='ltr'><strong>mine,</strong></span> <span class='ocrx_word' id='word_1_194' title='bbox 210 1669 318 1725; x_wconf 90' lang='lat' dir='ltr'><strong>dudum</strong></span> <span class='ocrx_word' id='word_1_195' title='bbox 335 1670 484 1738; x_wconf 85' lang='lat' dir='ltr'><strong>tyrannica</strong></span> <span class='ocrx_word' id='word_1_196' title='bbox 500 1670 723 1727; x_wconf 88' lang='lat' dir='ltr'><strong>corrrcrsatioue</strong></span> <span class='ocrx_word' id='word_1_197' title='bbox 750 1671 835 1727; x_wconf 89' lang='lat' dir='ltr'><strong>nimis</strong></span> <span class='ocrx_word' id='word_1_198' title='bbox 859 1672 930 1726; x_wconf 88' lang='lat' dir='ltr'><strong>lufa—</strong></span> <span class='ocrx_word' id='word_1_199' title='bbox 947 1702 970 1759; x_wconf 64' lang='lat' dir='ltr'>B</span> <span class='ocrx_word' id='word_1_200' title='bbox 989 1666 1074 1723; x_wconf 89' lang='lat' dir='ltr'><strong>bores</strong></span> <span class='ocrx_word' id='word_1_201' title='bbox 1090 1670 1228 1741; x_wconf 78' lang='lat' dir='ltr'><strong>incapte</strong></span> <span class='ocrx_word' id='word_1_202' title='bbox 1244 1668 1424 1723; x_wconf 80' lang='lat' dir='ltr'><strong>llierusalem</strong></span> <span class='ocrx_word' id='word_1_203' title='bbox 1440 1666 1591 1723; x_wconf 75' lang='lat' dir='ltr'><strong>letissima</strong></span> <span class='ocrx_word' id='word_1_204' title='bbox 1608 1665 1733 1722; x_wconf 87' lang='lat' dir='ltr'><strong>victoria</strong></span> <span class='ocrx_word' id='word_1_205' title='bbox 1745 1680 1813 1721; x_wconf 92' lang='lat' dir='ltr'><strong>con·</strong></span> 
     </span>
     <span class='ocr_line' id='line_1_18' title="bbox 107 1751 1814 1829; baseline -0.003 -17"><span class='ocrx_word' id='word_1_206' title='bbox 107 1758 171 1827; x_wconf 90' lang='lat' dir='ltr'><strong>mis,</strong></span> <span class='ocrx_word' id='word_1_207' title='bbox 189 1760 258 1813; x_wconf 92' lang='lat' dir='ltr'><strong>tuuc</strong></span> <span class='ocrx_word' id='word_1_208' title='bbox 274 1770 344 1812; x_wconf 90' lang='lat' dir='ltr'><strong>rere</strong></span> <span class='ocrx_word' id='word_1_209' title='bbox 354 1756 432 1812; x_wconf 86' lang='lat' dir='ltr'><strong>relat</strong></span> <span class='ocrx_word' id='word_1_210' title='bbox 445 1757 520 1811; x_wconf 89' lang='lat' dir='ltr'><strong>altor</strong></span> <span class='ocrx_word' id='word_1_211' title='bbox 532 1757 636 1813; x_wconf 89' lang='lat' dir='ltr'><strong>Saulus</strong></span> <span class='ocrx_word' id='word_1_212' title='bbox 647 1757 885 1828; x_wconf 80' lang='lat' dir='ltr'><strong>revelationibus,</strong></span> <span class='ocrx_word' id='word_1_213' title='bbox 899 1766 928 1814; x_wconf 89' lang='lat' dir='ltr'><strong>ut</strong></span> <span class='ocrx_word' id='word_1_214' title='bbox 989 1754 1165 1813; x_wconf 88' lang='lat' dir='ltr'><strong>eludentem.</strong></span> <span class='ocrx_word' id='word_1_215' title='bbox 1179 1756 1362 1829; x_wconf 83' lang='lat' dir='ltr'><strong>Quapropter</strong></span> <span class='ocrx_word' id='word_1_216' title='bbox 1374 1770 1427 1810; x_wconf 89' lang='lat' dir='ltr'><strong>nes</strong></span> <span class='ocrx_word' id='word_1_217' title='bbox 1437 1754 1570 1824; x_wconf 77' lang='lat' dir='ltr'><strong>biaciam</strong></span> <span class='ocrx_word' id='word_1_218' title='bbox 1581 1751 1718 1824; x_wconf 87' lang='lat' dir='ltr'><strong>paneade</strong></span> <span class='ocrx_word' id='word_1_219' title='bbox 1725 1752 1814 1823; x_wconf 90' lang='lat' dir='ltr'><strong>pluri·</strong></span> 
     </span>
     <span class='ocr_line' id='line_1_19' title="bbox 110 1841 1813 1915; baseline -0.002 -14"><span class='ocrx_word' id='word_1_220' title='bbox 110 1845 270 1913; x_wconf 79' lang='lat' dir='ltr'><strong>fatebatur,</strong></span> <span class='ocrx_word' id='word_1_221' title='bbox 289 1843 395 1900; x_wconf 88' lang='lat' dir='ltr'><strong>divinis</strong></span> <span class='ocrx_word' id='word_1_222' title='bbox 410 1844 437 1898; x_wconf 93' lang='lat' dir='ltr'><strong>in</strong></span> <span class='ocrx_word' id='word_1_223' title='bbox 450 1844 615 1913; x_wconf 75' lang='lat' dir='ltr'><strong>huiusmodi</strong></span> <span class='ocrx_word' id='word_1_224' title='bbox 629 1845 800 1914; x_wconf 83' lang='lat' dir='ltr'><strong>religionem</strong></span> <span class='ocrx_word' id='word_1_225' title='bbox 813 1846 935 1903; x_wconf 87' lang='lat' dir='ltr'><strong>advoca·</strong></span> <span class='ocrx_word' id='word_1_226' title='bbox 991 1844 1045 1899; x_wconf 86' lang='lat' dir='ltr'><strong>bus</strong></span> <span class='ocrx_word' id='word_1_227' title='bbox 1056 1845 1248 1915; x_wconf 89' lang='lat' dir='ltr'><strong>assignamus,</strong></span> <span class='ocrx_word' id='word_1_228' title='bbox 1262 1843 1409 1913; x_wconf 90' lang='lat' dir='ltr'><strong>videlicet,</strong></span> <span class='ocrx_word' id='word_1_229' title='bbox 1423 1842 1500 1914; x_wconf 90' lang='lat' dir='ltr'><strong>quod</strong></span> <span class='ocrx_word' id='word_1_230' title='bbox 1513 1841 1589 1898; x_wconf 87' lang='lat' dir='ltr'><strong>lictis</strong></span> <span class='ocrx_word' id='word_1_231' title='bbox 1599 1841 1717 1897; x_wconf 91' lang='lat' dir='ltr'><strong>omniuo</strong></span> <span class='ocrx_word' id='word_1_232' title='bbox 1728 1842 1813 1898; x_wconf 92' lang='lat' dir='ltr'><strong>bcuc·</strong></span> 
     </span>
     <span class='ocr_line' id='line_1_20' title="bbox 104 1929 1812 2006; baseline -0.001 -19"><span class='ocrx_word' id='word_1_233' title='bbox 104 1938 164 2003; x_wconf 92' lang='lat' dir='ltr'><strong>tus,</strong></span> <span class='ocrx_word' id='word_1_234' title='bbox 180 1933 240 1988; x_wconf 89' lang='lat' dir='ltr'><strong>lere</strong></span> <span class='ocrx_word' id='word_1_235' title='bbox 255 1935 341 1987; x_wconf 72' lang='grc'><strong>11000</strong></span> <span class='ocrx_word' id='word_1_236' title='bbox 356 1931 539 2000; x_wconf 86' lang='lat' dir='ltr'><strong>signatorum</strong></span> <span class='ocrx_word' id='word_1_237' title='bbox 555 1932 674 1988; x_wconf 90' lang='lat' dir='ltr'><strong>sibimet</strong></span> <span class='ocrx_word' id='word_1_238' title='bbox 694 1933 934 2006; x_wconf 90' lang='lat' dir='ltr'><strong>usurpansduca·</strong></span> <span class='ocrx_word' id='word_1_239' title='bbox 988 1931 1063 1989; x_wconf 88' lang='lat' dir='ltr'><strong>ficiis</strong></span> <span class='ocrx_word' id='word_1_240' title='bbox 1088 1933 1207 1990; x_wconf 72' lang='lat' dir='ltr'><strong>alexius</strong></span> <span class='ocrx_word' id='word_1_241' title='bbox 1240 1933 1401 2004; x_wconf 88' lang='lat' dir='ltr'><strong>imperator</strong></span> <span class='ocrx_word' id='word_1_242' title='bbox 1432 1934 1531 1988; x_wconf 91' lang='lat' dir='ltr'><strong>tantos</strong></span> <span class='ocrx_word' id='word_1_243' title='bbox 1563 1930 1680 1986; x_wconf 89' lang='lat' dir='ltr'><strong>sibimet</strong></span> <span class='ocrx_word' id='word_1_244' title='bbox 1706 1929 1812 1987; x_wconf 84' lang='lat' dir='ltr'><strong>beruas</strong></span> 
     </span>
     <span class='ocr_line' id='line_1_21' title="bbox 104 2018 1813 2092; baseline -0.002 -14"><span class='ocrx_word' id='word_1_245' title='bbox 104 2033 166 2086; x_wconf 83' lang='lat' dir='ltr'><strong>turn</strong></span> <span class='ocrx_word' id='word_1_246' title='bbox 180 2020 246 2091; x_wconf 92' lang='lat' dir='ltr'><strong>;qui</strong></span> <span class='ocrx_word' id='word_1_247' title='bbox 260 2020 393 2075; x_wconf 91' lang='lat' dir='ltr'><strong>nimirum</strong></span> <span class='ocrx_word' id='word_1_248' title='bbox 407 2035 458 2090; x_wconf 90' lang='lat' dir='ltr'><strong>per</strong></span> <span class='ocrx_word' id='word_1_249' title='bbox 469 2020 607 2077; x_wconf 88' lang='lat' dir='ltr'><strong>civitates</strong></span> <span class='ocrx_word' id='word_1_250' title='bbox 623 2022 704 2091; x_wconf 80' lang='lat' dir='ltr'><strong>Beni,</strong></span> <span class='ocrx_word' id='word_1_251' title='bbox 717 2022 808 2077; x_wconf 87' lang='lat' dir='ltr'><strong>lioeni</strong></span> <span class='ocrx_word' id='word_1_252' title='bbox 819 2036 934 2092; x_wconf 91' lang='lat' dir='ltr'><strong>queque</strong></span> <span class='ocrx_word' id='word_1_253' title='bbox 987 2020 1167 2090; x_wconf 86' lang='lat' dir='ltr'><strong>amicaverit,</strong></span> <span class='ocrx_word' id='word_1_254' title='bbox 1187 2026 1287 2092; x_wconf 87' lang='lat' dir='ltr'><strong>postca</strong></span> <span class='ocrx_word' id='word_1_255' title='bbox 1303 2035 1373 2076; x_wconf 90' lang='lat' dir='ltr'><strong>vero</strong></span> <span class='ocrx_word' id='word_1_256' title='bbox 1384 2019 1575 2077; x_wconf 87' lang='lat' dir='ltr'><strong>sacramentis</strong></span> <span class='ocrx_word' id='word_1_257' title='bbox 1583 2018 1712 2074; x_wconf 88' lang='lat' dir='ltr'><strong>extortis</strong></span> <span class='ocrx_word' id='word_1_258' title='bbox 1722 2033 1758 2074; x_wconf 89' lang='lat' dir='ltr'><strong>ue</strong></span> <span class='ocrx_word' id='word_1_259' title='bbox 1770 2033 1813 2074; x_wconf 93' lang='lat' dir='ltr'><strong>rc·</strong></span> 
     </span>
     <span class='ocr_line' id='line_1_22' title="bbox 104 2106 1812 2185; baseline -0.004 -17"><span class='ocrx_word' id='word_1_260' title='bbox 104 2117 191 2182; x_wconf 88' lang='lat' dir='ltr'><strong>atque</strong></span> <span class='ocrx_word' id='word_1_261' title='bbox 206 2107 327 2164; x_wconf 85' lang='lat' dir='ltr'><strong>Danubii</strong></span> <span class='ocrx_word' id='word_1_262' title='bbox 343 2107 472 2185; x_wconf 91' lang='lat' dir='ltr'><strong>deducti,</strong></span> <span class='ocrx_word' id='word_1_263' title='bbox 483 2108 934 2180; x_wconf 82' lang='lat' dir='ltr'><strong>execrabilemludeorumqua·</strong></span> <span class='ocrx_word' id='word_1_264' title='bbox 986 2119 1043 2175; x_wconf 81' lang='lat' dir='ltr'><strong>guo</strong></span> <span class='ocrx_word' id='word_1_265' title='bbox 1067 2123 1120 2165; x_wconf 90' lang='lat' dir='ltr'><strong>suu</strong></span> <span class='ocrx_word' id='word_1_266' title='bbox 1144 2110 1200 2164; x_wconf 91' lang='lat' dir='ltr'><strong>rim</strong></span> <span class='ocrx_word' id='word_1_267' title='bbox 1232 2111 1383 2176; x_wconf 80' lang='lat' dir='ltr'><strong>interrant,</strong></span> <span class='ocrx_word' id='word_1_268' title='bbox 1409 2107 1619 2164; x_wconf 79' lang='lat' dir='ltr'><strong>constrinxerit</strong></span> <span class='ocrx_word' id='word_1_269' title='bbox 1643 2106 1706 2177; x_wconf 84' lang='lat' dir='ltr'><strong>(en.</strong></span> <span class='ocrx_word' id='word_1_270' title='bbox 1731 2110 1812 2164; x_wconf 72' lang='grc'><strong>1091</strong></span> 
     </span>
     <span class='ocr_line' id='line_1_23' title="bbox 101 2194 1810 2269; baseline -0.002 -15"><span class='ocrx_word' id='word_1_271' title='bbox 101 2211 225 2268; x_wconf 86' lang='lat' dir='ltr'><strong>crrmque</strong></span> <span class='ocrx_word' id='word_1_272' title='bbox 235 2200 381 2267; x_wconf 88' lang='lat' dir='ltr'><strong>repertam</strong></span> <span class='ocrx_word' id='word_1_273' title='bbox 392 2194 518 2267; x_wconf 87' lang='lat' dir='ltr'><strong>plebem,</strong></span> <span class='ocrx_word' id='word_1_274' title='bbox 528 2196 592 2252; x_wconf 85' lang='lat' dir='ltr'><strong>zelo</strong></span> <span class='ocrx_word' id='word_1_275' title='bbox 603 2196 930 2253; x_wconf 86' lang='lat' dir='ltr'><strong>Christianitatisetiam</strong></span> <span class='ocrx_word' id='word_1_276' title='bbox 985 2200 1086 2269; x_wconf 84' lang='grc'><strong>1097);</strong></span> <span class='ocrx_word' id='word_1_277' title='bbox 1105 2198 1377 2268; x_wconf 72' lang='lat' dir='ltr'><strong>quaesissemus,</strong></span> <span class='ocrx_word' id='word_1_278' title='bbox 1395 2195 1564 2268; x_wconf 71' lang='lat' dir='ltr'><strong>quoddam</strong></span> <span class='ocrx_word' id='word_1_279' title='bbox 1580 2209 1691 2252; x_wconf 88' lang='lat' dir='ltr'><strong>meram</strong></span> <span class='ocrx_word' id='word_1_280' title='bbox 1703 2194 1810 2251; x_wconf 84' lang='lat' dir='ltr'><strong>ibidem</strong></span> 
     </span>
     <span class='ocr_line' id='line_1_24' title="bbox 101 2283 1811 2356; baseline -0.001 -15"><span class='ocrx_word' id='word_1_281' title='bbox 101 2286 130 2341; x_wconf 91' lang='lat' dir='ltr'><strong>iu</strong></span> <span class='ocrx_word' id='word_1_282' title='bbox 145 2286 199 2341; x_wconf 92' lang='lat' dir='ltr'><strong>boc</strong></span> <span class='ocrx_word' id='word_1_283' title='bbox 215 2283 429 2353; x_wconf 86' lang='lat' dir='ltr'><strong>deservientes,</strong></span> <span class='ocrx_word' id='word_1_284' title='bbox 448 2289 499 2341; x_wconf 89' lang='lat' dir='ltr'><strong>aut</strong></span> <span class='ocrx_word' id='word_1_285' title='bbox 524 2285 641 2340; x_wconf 88' lang='lat' dir='ltr'><strong>omniuo</strong></span> <span class='ocrx_word' id='word_1_286' title='bbox 657 2284 756 2340; x_wconf 90' lang='lat' dir='ltr'><strong>delere</strong></span> <span class='ocrx_word' id='word_1_287' title='bbox 776 2285 929 2342; x_wconf 87' lang='lat' dir='ltr'><strong>autetiam</strong></span> <span class='ocrx_word' id='word_1_288' title='bbox 985 2283 1086 2354; x_wconf 82' lang='lat' dir='ltr'><strong>prime</strong></span> <span class='ocrx_word' id='word_1_289' title='bbox 1102 2299 1224 2356; x_wconf 81' lang='lat' dir='ltr'><strong>quaeque</strong></span> <span class='ocrx_word' id='word_1_290' title='bbox 1240 2284 1284 2319; x_wconf 79' lang='lat'><strong>¹⁸³⁴</strong></span> <span class='ocrx_word' id='word_1_291' title='bbox 1299 2285 1438 2342; x_wconf 89' lang='lat' dir='ltr'><strong>cobortes</strong></span> <span class='ocrx_word' id='word_1_292' title='bbox 1457 2284 1530 2342; x_wconf 90' lang='lat' dir='ltr'><strong>alias</strong></span> <span class='ocrx_word' id='word_1_293' title='bbox 1544 2283 1739 2340; x_wconf 87' lang='lat' dir='ltr'><strong>adventantes</strong></span> <span class='ocrx_word' id='word_1_294' title='bbox 1764 2298 1811 2341; x_wconf 79' lang='lat' dir='ltr'><strong>ex·</strong></span> 
     </span>
     <span class='ocr_line' id='line_1_25' title="bbox 100 2373 1809 2445; baseline 0 -17"><span class='ocrx_word' id='word_1_295' title='bbox 100 2374 177 2429; x_wconf 89' lang='lat' dir='ltr'><strong>iutra</strong></span> <span class='ocrx_word' id='word_1_296' title='bbox 192 2373 334 2431; x_wconf 77' lang='lat' dir='ltr'><strong>aecclesie</strong></span> <span class='ocrx_word' id='word_1_297' title='bbox 351 2375 525 2443; x_wconf 76' lang='lat' dir='ltr'><strong>satagebant</strong></span> <span class='ocrx_word' id='word_1_298' title='bbox 539 2373 714 2445; x_wconf 87' lang='lat' dir='ltr'><strong>compellere</strong></span> <span class='ocrx_word' id='word_1_299' title='bbox 730 2373 873 2430; x_wconf 85' lang='lat' dir='ltr'><strong>sinum-</strong></span> <span class='ocrx_word' id='word_1_300' title='bbox 886 2375 926 2429; x_wconf 84' lang='lat' dir='ltr'><strong>rld</strong></span> <span class='ocrx_word' id='word_1_301' title='bbox 984 2376 1122 2444; x_wconf 89' lang='lat' dir='ltr'><strong>pectauto</strong></span> <span class='ocrx_word' id='word_1_302' title='bbox 1134 2376 1274 2439; x_wconf 87' lang='lat' dir='ltr'><strong>facerent,</strong></span> <span class='ocrx_word' id='word_1_303' title='bbox 1284 2374 1360 2432; x_wconf 86' lang='lat' dir='ltr'><strong>dolis</strong></span> <span class='ocrx_word' id='word_1_304' title='bbox 1371 2389 1424 2431; x_wconf 89' lang='lat' dir='ltr'><strong>eos</strong></span> <span class='ocrx_word' id='word_1_305' title='bbox 1435 2373 1644 2443; x_wconf 80' lang='lat' dir='ltr'><strong>interfecisset,</strong></span> <span class='ocrx_word' id='word_1_306' title='bbox 1655 2373 1712 2429; x_wconf 82' lang='lat' dir='ltr'><strong>nist</strong></span> <span class='ocrx_word' id='word_1_307' title='bbox 1723 2374 1809 2429; x_wconf 86' lang='lat' dir='ltr'><strong>Gete-</strong></span> 
     </span>
     <span class='ocr_line' id='line_1_26' title="bbox 102 2460 1809 2535; baseline -0.002 -15"><span class='ocrx_word' id='word_1_308' title='bbox 102 2461 227 2520; x_wconf 90' lang='lat' dir='ltr'><strong>couiinia</strong></span> <span class='ocrx_word' id='word_1_309' title='bbox 239 2476 354 2533; x_wconf 90' lang='lat' dir='ltr'><strong>queque</strong></span> <span class='ocrx_word' id='word_1_310' title='bbox 364 2462 577 2518; x_wconf 79' lang='lat' dir='ltr'><strong>Pannoniarum</strong></span> <span class='ocrx_word' id='word_1_311' title='bbox 591 2462 930 2530; x_wconf 86' lang='lat' dir='ltr'><strong>innumerisjamutrius·</strong></span> <span class='ocrx_word' id='word_1_312' title='bbox 984 2462 1051 2518; x_wconf 92' lang='lat' dir='ltr'><strong>fridi</strong></span> <span class='ocrx_word' id='word_1_313' title='bbox 1069 2462 1151 2519; x_wconf 89' lang='lat' dir='ltr'><strong>ducis</strong></span> <span class='ocrx_word' id='word_1_314' title='bbox 1166 2463 1298 2520; x_wconf 88' lang='lat' dir='ltr'><strong>sollertia</strong></span> <span class='ocrx_word' id='word_1_315' title='bbox 1314 2478 1404 2535; x_wconf 89' lang='lat' dir='ltr'><strong>super</strong></span> <span class='ocrx_word' id='word_1_316' title='bbox 1419 2475 1538 2532; x_wconf 79' lang='lat' dir='ltr'><strong>gregem</strong></span> <span class='ocrx_word' id='word_1_317' title='bbox 1552 2460 1666 2516; x_wconf 86' lang='lat' dir='ltr'><strong>Domini</strong></span> <span class='ocrx_word' id='word_1_318' title='bbox 1690 2461 1809 2517; x_wconf 86' lang='lat' dir='ltr'><strong>cautius</strong></span> 
     </span>
     <span class='ocr_line' id='line_1_27' title="bbox 103 2550 1808 2623; baseline -0.001 -15"><span class='ocrx_word' id='word_1_319' title='bbox 103 2565 158 2623; x_wconf 91' lang='lat' dir='ltr'><strong>que</strong></span> <span class='ocrx_word' id='word_1_320' title='bbox 183 2565 270 2607; x_wconf 84' lang='lat' dir='ltr'><strong>sexus</strong></span> <span class='ocrx_word' id='word_1_321' title='bbox 293 2551 387 2621; x_wconf 91' lang='lat' dir='ltr'><strong>copiis</strong></span> <span class='ocrx_word' id='word_1_322' title='bbox 412 2566 477 2607; x_wconf 84' lang='lat' dir='ltr'><strong>cour</strong></span> <span class='ocrx_word' id='word_1_323' title='bbox 501 2552 703 2622; x_wconf 73' lang='lat' dir='ltr'><strong>peruenissent</strong></span> <span class='ocrx_word' id='word_1_324' title='bbox 727 2551 925 2623; x_wconf 90' lang='lat' dir='ltr'><strong>multiplicati,</strong></span> <span class='ocrx_word' id='word_1_325' title='bbox 981 2551 1144 2621; x_wconf 87' lang='lat' dir='ltr'><strong>vigilasset.</strong></span> <span class='ocrx_word' id='word_1_326' title='bbox 1162 2554 1318 2609; x_wconf 72' lang='lat' dir='ltr'><strong>testantur</strong></span> <span class='ocrx_word' id='word_1_327' title='bbox 1341 2552 1515 2608; x_wconf 87' lang='lat' dir='ltr'><strong>seditionem</strong></span> <span class='ocrx_word' id='word_1_328' title='bbox 1530 2550 1623 2621; x_wconf 90' lang='lat' dir='ltr'><strong>ipsam</strong></span> <span class='ocrx_word' id='word_1_329' title='bbox 1637 2550 1808 2607; x_wconf 86' lang='lat' dir='ltr'><strong>suburbana</strong></span> 
     </span>
     <span class='ocr_line' id='line_1_28' title="bbox 102 2636 1809 2712; baseline -0.001 -17"><span class='ocrx_word' id='word_1_330' title='bbox 102 2652 223 2709; x_wconf 90' lang='lat' dir='ltr'><strong>reguum</strong></span> <span class='ocrx_word' id='word_1_331' title='bbox 236 2638 429 2709; x_wconf 90' lang='lat' dir='ltr'><strong>ipsuur,quod</strong></span> <span class='ocrx_word' id='word_1_332' title='bbox 442 2639 558 2695; x_wconf 89' lang='lat' dir='ltr'><strong>scilicet</strong></span> <span class='ocrx_word' id='word_1_333' title='bbox 570 2640 675 2710; x_wconf 92' lang='lat' dir='ltr'><strong>partim</strong></span> <span class='ocrx_word' id='word_1_334' title='bbox 687 2638 855 2711; x_wconf 90' lang='lat' dir='ltr'><strong>paludibus,</strong></span> <span class='ocrx_word' id='word_1_335' title='bbox 863 2655 928 2710; x_wconf 90' lang='lat' dir='ltr'><strong>par·</strong></span> <span class='ocrx_word' id='word_1_336' title='bbox 981 2644 1046 2708; x_wconf 77' lang='lat' dir='ltr'><strong>quae</strong></span> <span class='ocrx_word' id='word_1_337' title='bbox 1063 2645 1131 2696; x_wconf 90' lang='lat' dir='ltr'><strong>tune</strong></span> <span class='ocrx_word' id='word_1_338' title='bbox 1146 2639 1304 2709; x_wconf 79' lang='lat' dir='ltr'><strong>destruxit,</strong></span> <span class='ocrx_word' id='word_1_339' title='bbox 1322 2655 1394 2712; x_wconf 91' lang='lat' dir='ltr'><strong>pens</strong></span> <span class='ocrx_word' id='word_1_340' title='bbox 1415 2653 1499 2709; x_wconf 91' lang='lat' dir='ltr'><strong>quem</strong></span> <span class='ocrx_word' id='word_1_341' title='bbox 1515 2639 1704 2710; x_wconf 85' lang='lat' dir='ltr'><strong>expugnavit.</strong></span> <span class='ocrx_word' id='word_1_342' title='bbox 1733 2636 1809 2704; x_wconf 80' lang='lat' dir='ltr'><strong>Quid</strong></span> 
     </span>
     <span class='ocr_line' id='line_1_29' title="bbox 102 2725 1808 2798; baseline 0.001 -17"><span class='ocrx_word' id='word_1_343' title='bbox 102 2726 154 2781; x_wconf 89' lang='lat' dir='ltr'><strong>tim</strong></span> <span class='ocrx_word' id='word_1_344' title='bbox 170 2725 253 2782; x_wconf 88' lang='lat' dir='ltr'><strong>silvis</strong></span> <span class='ocrx_word' id='word_1_345' title='bbox 267 2725 406 2795; x_wconf 88' lang='lat' dir='ltr'><strong>cingitur,</strong></span> <span class='ocrx_word' id='word_1_346' title='bbox 420 2741 473 2798; x_wconf 94' lang='lat' dir='ltr'><strong>per</strong></span> <span class='ocrx_word' id='word_1_347' title='bbox 484 2726 637 2783; x_wconf 89' lang='lat' dir='ltr'><strong>obfirmata</strong></span> <span class='ocrx_word' id='word_1_348' title='bbox 650 2727 777 2798; x_wconf 89' lang='lat' dir='ltr'><strong>presidia</strong></span> <span class='ocrx_word' id='word_1_349' title='bbox 788 2731 927 2785; x_wconf 86' lang='lat' dir='ltr'><strong>vetantur</strong></span> <span class='ocrx_word' id='word_1_350' title='bbox 981 2728 1071 2783; x_wconf 87' lang='lat' dir='ltr'><strong>multa</strong></span> <span class='ocrx_word' id='word_1_351' title='bbox 1086 2731 1098 2784; x_wconf 81' lang='lat' dir='ltr'><strong>l</strong></span> <span class='ocrx_word' id='word_1_352' title='bbox 1114 2729 1169 2783; x_wconf 86' lang='lat' dir='ltr'><strong>Per</strong></span> <span class='ocrx_word' id='word_1_353' title='bbox 1184 2728 1308 2784; x_wconf 92' lang='lat' dir='ltr'><strong>duorum</strong></span> <span class='ocrx_word' id='word_1_354' title='bbox 1326 2728 1383 2784; x_wconf 91' lang='lat' dir='ltr'><strong>fere</strong></span> <span class='ocrx_word' id='word_1_355' title='bbox 1405 2727 1544 2784; x_wconf 87' lang='lat' dir='ltr'><strong>mensium</strong></span> <span class='ocrx_word' id='word_1_356' title='bbox 1570 2725 1700 2797; x_wconf 89' lang='lat' dir='ltr'><strong>spacium</strong></span> <span class='ocrx_word' id='word_1_357' title='bbox 1727 2727 1808 2783; x_wconf 87' lang='lat' dir='ltr'><strong>ucri·</strong></span> 
     </span>
     <span class='ocr_line' id='line_1_30' title="bbox 101 2812 1807 2887; baseline 0 -17"><span class='ocrx_word' id='word_1_358' title='bbox 101 2812 215 2884; x_wconf 87' lang='lat' dir='ltr'><strong>ingredi</strong></span> <span class='ocrx_word' id='word_1_359' title='bbox 229 2832 236 2883; x_wconf 91' lang='lat'>;</span> <span class='ocrx_word' id='word_1_360' title='bbox 254 2815 328 2870; x_wconf 89' lang='lat' dir='ltr'><strong>farna</strong></span> <span class='ocrx_word' id='word_1_361' title='bbox 341 2814 447 2885; x_wconf 86' lang='lat' dir='ltr'><strong>quippe</strong></span> <span class='ocrx_word' id='word_1_362' title='bbox 459 2814 626 2870; x_wconf 79' lang='lat' dir='ltr'><strong>colomanni</strong></span> <span class='ocrx_word' id='word_1_363' title='bbox 638 2815 784 2885; x_wconf 80' lang='lat' dir='ltr'><strong>regisjam</strong></span> <span class='ocrx_word' id='word_1_364' title='bbox 793 2815 925 2887; x_wconf 90' lang='lat' dir='ltr'><strong>percule·</strong></span> <span class='ocrx_word' id='word_1_365' title='bbox 979 2817 1039 2872; x_wconf 92' lang='lat' dir='ltr'><strong>ties</strong></span> <span class='ocrx_word' id='word_1_366' title='bbox 1054 2816 1081 2871; x_wconf 93' lang='lat' dir='ltr'><strong>iu</strong></span> <span class='ocrx_word' id='word_1_367' title='bbox 1097 2815 1160 2873; x_wconf 86' lang='lat' dir='ltr'><strong>dies</strong></span> <span class='ocrx_word' id='word_1_368' title='bbox 1176 2817 1307 2887; x_wconf 88' lang='lat' dir='ltr'><strong>suscepit</strong></span> <span class='ocrx_word' id='word_1_369' title='bbox 1322 2816 1472 2873; x_wconf 88' lang='lat' dir='ltr'><strong>exercitus</strong></span> <span class='ocrx_word' id='word_1_370' title='bbox 1487 2814 1660 2884; x_wconf 75' lang='lat' dir='ltr'><strong>bizantium,</strong></span> <span class='ocrx_word' id='word_1_371' title='bbox 1672 2814 1807 2886; x_wconf 87' lang='lat' dir='ltr'><strong>equibus</strong></span> 
     </span>
     <span class='ocr_line' id='line_1_31' title="bbox 101 2899 1805 2977; baseline 0.001 -19"><span class='ocrx_word' id='word_1_372' title='bbox 101 2907 148 2958; x_wconf 89' lang='lat' dir='ltr'><strong>rat</strong></span> <span class='ocrx_word' id='word_1_373' title='bbox 163 2899 209 2936; x_wconf 80' lang='lat'>¹⁶⁸⁰</span> <span class='ocrx_word' id='word_1_374' title='bbox 224 2917 320 2973; x_wconf 85' lang='lat' dir='ltr'><strong>aures,</strong></span> <span class='ocrx_word' id='word_1_375' title='bbox 338 2902 415 2957; x_wconf 91' lang='lat' dir='ltr'><strong>iuter</strong></span> <span class='ocrx_word' id='word_1_376' title='bbox 430 2916 606 2973; x_wconf 89' lang='lat' dir='ltr'><strong>paganorum</strong></span> <span class='ocrx_word' id='word_1_377' title='bbox 622 2908 651 2959; x_wconf 87' lang='lat' dir='ltr'><strong>et</strong></span> <span class='ocrx_word' id='word_1_378' title='bbox 670 2903 860 2972; x_wconf 82' lang='lat' dir='ltr'><strong>ungariorum</strong></span> <span class='ocrx_word' id='word_1_379' title='bbox 877 2920 924 2961; x_wconf 88' lang='lat' dir='ltr'><strong>ne·</strong></span> <span class='ocrx_word' id='word_1_380' title='bbox 980 2905 1096 2960; x_wconf 90' lang='lat' dir='ltr'><strong>taudem</strong></span> <span class='ocrx_word' id='word_1_381' title='bbox 1109 2904 1219 2975; x_wconf 90' lang='lat' dir='ltr'><strong>absque</strong></span> <span class='ocrx_word' id='word_1_382' title='bbox 1236 2905 1325 2976; x_wconf 86' lang='lat' dir='ltr'><strong>vulgi,</strong></span> <span class='ocrx_word' id='word_1_383' title='bbox 1342 2903 1529 2977; x_wconf 84' lang='lat' dir='ltr'><strong>parvulorum</strong></span> <span class='ocrx_word' id='word_1_384' title='bbox 1545 2918 1579 2960; x_wconf 90' lang='lat' dir='ltr'><strong>ac</strong></span> <span class='ocrx_word' id='word_1_385' title='bbox 1595 2902 1753 2961; x_wconf 90' lang='lat' dir='ltr'><strong>mulierum</strong></span> <span class='ocrx_word' id='word_1_386' title='bbox 1765 2903 1805 2959; x_wconf 93' lang='lat' dir='ltr'><strong>iu·</strong></span> 
     </span>
     <span class='ocr_line' id='line_1_32' title="bbox 101 2989 1805 3062; baseline -0.001 -14"><span class='ocrx_word' id='word_1_387' title='bbox 101 3005 163 3048; x_wconf 90' lang='lat' dir='ltr'><strong>cem</strong></span> <span class='ocrx_word' id='word_1_388' title='bbox 180 2989 252 3048; x_wconf 88' lang='lat' dir='ltr'><strong>nibil</strong></span> <span class='ocrx_word' id='word_1_389' title='bbox 267 2990 344 3062; x_wconf 91' lang='lat' dir='ltr'><strong>apud</strong></span> <span class='ocrx_word' id='word_1_390' title='bbox 361 2991 535 3047; x_wconf 88' lang='lat' dir='ltr'><strong>Teutonicas</strong></span> <span class='ocrx_word' id='word_1_391' title='bbox 551 2991 668 3048; x_wconf 88' lang='lat' dir='ltr'><strong>differre</strong></span> <span class='ocrx_word' id='word_1_392' title='bbox 684 2997 805 3048; x_wconf 81' lang='lat' dir='ltr'><strong>mentae.</strong></span> <span class='ocrx_word' id='word_1_393' title='bbox 817 2992 922 3058; x_wconf 85' lang='lat' dir='ltr'><strong>Quade</strong></span> <span class='ocrx_word' id='word_1_394' title='bbox 977 2992 1111 3048; x_wconf 88' lang='lat' dir='ltr'><strong>credibili</strong></span> <span class='ocrx_word' id='word_1_395' title='bbox 1127 2992 1325 3059; x_wconf 90' lang='lat' dir='ltr'><strong>multitudine,</strong></span> <span class='ocrx_word' id='word_1_396' title='bbox 1338 2993 1486 3049; x_wconf 89' lang='lat' dir='ltr'><strong>recensita</strong></span> <span class='ocrx_word' id='word_1_397' title='bbox 1497 2995 1565 3049; x_wconf 91' lang='lat' dir='ltr'><strong>suut</strong></span> <span class='ocrx_word' id='word_1_398' title='bbox 1577 2994 1805 3062; x_wconf 83' lang='lat' dir='ltr'><strong>seouoopugm-</strong></span> 
     </span>
     <span class='ocr_line' id='line_1_33' title="bbox 100 3042 1803 3150; baseline 0.001 -16"><span class='ocrx_word' id='word_1_399' title='bbox 100 3093 133 3135; x_wconf 93' lang='lat' dir='ltr'><strong>re</strong></span> <span class='ocrx_word' id='word_1_400' title='bbox 145 3079 334 3136; x_wconf 87' lang='lat' dir='ltr'><strong>munitionem</strong></span> <span class='ocrx_word' id='word_1_401' title='bbox 351 3079 518 3148; x_wconf 86' lang='lat' dir='ltr'><strong>lliseuburg</strong></span> <span class='ocrx_word' id='word_1_402' title='bbox 533 3094 585 3150; x_wconf 93' lang='lat' dir='ltr'><strong>per</strong></span> <span class='ocrx_word' id='word_1_403' title='bbox 600 3094 652 3136; x_wconf 85' lang='lat' dir='ltr'><strong>sex</strong></span> <span class='ocrx_word' id='word_1_404' title='bbox 674 3077 851 3136; x_wconf 88' lang='lat' dir='ltr'><strong>ebdomadas</strong></span> <span class='ocrx_word' id='word_1_405' title='bbox 874 3042 1083 3136; x_wconf 73' lang='lat' dir='ltr'><strong>ex-Ctorun.</strong></span> <span class='ocrx_word' id='word_1_406' title='bbox 1120 3082 1211 3137; x_wconf 82' lang='lat' dir='ltr'><strong>Porro</strong></span> <span class='ocrx_word' id='word_1_407' title='bbox 1243 3083 1380 3137; x_wconf 87' lang='lat' dir='ltr'><strong>cobortes</strong></span> <span class='ocrx_word' id='word_1_408' title='bbox 1413 3082 1532 3136; x_wconf 89' lang='lat' dir='ltr'><strong>Petrum</strong></span> <span class='ocrx_word' id='word_1_409' title='bbox 1567 3083 1687 3149; x_wconf 76' lang='lat' dir='ltr'><strong>secute,</strong></span> <span class='ocrx_word' id='word_1_410' title='bbox 1717 3078 1803 3149; x_wconf 87' lang='lat' dir='ltr'><strong>jussu</strong></span> 
     </span>
     <span class='ocr_line' id='line_1_34' title="bbox 100 3166 1802 3240; baseline 0.001 -17"><span class='ocrx_word' id='word_1_411' title='bbox 100 3171 274 3239; x_wconf 86' lang='lat' dir='ltr'><strong>pugnantes,</strong></span> <span class='ocrx_word' id='word_1_412' title='bbox 285 3167 368 3237; x_wconf 92' lang='lat' dir='ltr'><strong>plura</strong></span> <span class='ocrx_word' id='word_1_413' title='bbox 383 3166 451 3221; x_wconf 89' lang='lat' dir='ltr'><strong>inibi</strong></span> <span class='ocrx_word' id='word_1_414' title='bbox 470 3167 622 3237; x_wconf 89' lang='lat' dir='ltr'><strong>patiuntur</strong></span> <span class='ocrx_word' id='word_1_415' title='bbox 633 3167 813 3223; x_wconf 89' lang='lat' dir='ltr'><strong>incommoda</strong></span> <span class='ocrx_word' id='word_1_416' title='bbox 827 3185 834 3234; x_wconf 96' lang='lat'>;</span> <span class='ocrx_word' id='word_1_417' title='bbox 848 3168 923 3225; x_wconf 89' lang='lat' dir='ltr'><strong>inter</strong></span> <span class='ocrx_word' id='word_1_418' title='bbox 977 3168 1071 3224; x_wconf 73' lang='lat' dir='ltr'><strong>alexii</strong></span> <span class='ocrx_word' id='word_1_419' title='bbox 1088 3168 1195 3225; x_wconf 91' lang='lat' dir='ltr'><strong>dudum</strong></span> <span class='ocrx_word' id='word_1_420' title='bbox 1212 3170 1412 3240; x_wconf 80' lang='lat' dir='ltr'><strong>transpositae,</strong></span> <span class='ocrx_word' id='word_1_421' title='bbox 1428 3168 1549 3240; x_wconf 87' lang='lat' dir='ltr'><strong>paganis</strong></span> <span class='ocrx_word' id='word_1_422' title='bbox 1564 3168 1749 3237; x_wconf 84' lang='lat' dir='ltr'><strong>fuerautjam</strong></span> <span class='ocrx_word' id='word_1_423' title='bbox 1761 3166 1802 3225; x_wconf 92' lang='lat' dir='ltr'><strong>lu·</strong></span> 
     </span>
     <span class='ocr_line' id='line_1_35' title="bbox 100 3253 1183 3324; baseline 0.003 -14"><span class='ocrx_word' id='word_1_424' title='bbox 100 3269 164 3324; x_wconf 80' lang='lat' dir='ltr'><strong>quae</strong></span> <span class='ocrx_word' id='word_1_425' title='bbox 179 3254 276 3322; x_wconf 90' lang='lat' dir='ltr'><strong>etiam,</strong></span> <span class='ocrx_word' id='word_1_426' title='bbox 295 3254 360 3323; x_wconf 85' lang='lat' dir='ltr'><strong>quis</strong></span> <span class='ocrx_word' id='word_1_427' title='bbox 377 3253 490 3309; x_wconf 90' lang='lat' dir='ltr'><strong>illerum</strong></span> <span class='ocrx_word' id='word_1_428' title='bbox 507 3256 561 3309; x_wconf 89' lang='lat' dir='ltr'><strong>sub</strong></span> <span class='ocrx_word' id='word_1_429' title='bbox 577 3255 692 3311; x_wconf 90' lang='lat' dir='ltr'><strong>neruine</strong></span> <span class='ocrx_word' id='word_1_430' title='bbox 709 3255 786 3324; x_wconf 87' lang='lat' dir='ltr'><strong>regis</strong></span> <span class='ocrx_word' id='word_1_431' title='bbox 813 3258 922 3311; x_wconf 84' lang='lat' dir='ltr'><strong>Panno·</strong></span> <span class='ocrx_word' id='word_1_432' title='bbox 977 3256 1072 3313; x_wconf 92' lang='lat' dir='ltr'><strong>dibrie</strong></span> <span class='ocrx_word' id='word_1_433' title='bbox 1090 3259 1183 3315; x_wconf 79' lang='lat' dir='ltr'><strong>factae.</strong></span> 
     </span>
    </p>

    <p class='ocr_par' dir='ltr' id='par_1_4' title="bbox 87 3341 1798 4833">
     <span class='ocr_line' id='line_1_36' title="bbox 100 3341 1797 3418; baseline 0.003 -21"><span class='ocrx_word' id='word_1_434' title='bbox 100 3343 211 3398; x_wconf 88' lang='lat' dir='ltr'><strong>uiarum</strong></span> <span class='ocrx_word' id='word_1_435' title='bbox 230 3342 375 3413; x_wconf 88' lang='lat' dir='ltr'><strong>potiretur</strong></span> <span class='ocrx_word' id='word_1_436' title='bbox 398 3341 578 3410; x_wconf 87' lang='lat' dir='ltr'><strong>terris,cirili</strong></span> <span class='ocrx_word' id='word_1_437' title='bbox 604 3342 837 3414; x_wconf 83' lang='lat' dir='ltr'><strong>stultissimaque</strong></span> <span class='ocrx_word' id='word_1_438' title='bbox 853 3360 921 3415; x_wconf 91' lang='lat' dir='ltr'><strong>qua·</strong></span> <span class='ocrx_word' id='word_1_439' title='bbox 1012 3346 1095 3402; x_wconf 88' lang='lat' dir='ltr'><strong>lictis</strong></span> <span class='ocrx_word' id='word_1_440' title='bbox 1111 3346 1209 3417; x_wconf 88' lang='lat' dir='ltr'><strong>itaque</strong></span> <span class='ocrx_word' id='word_1_441' title='bbox 1224 3346 1341 3418; x_wconf 89' lang='lat' dir='ltr'><strong>castris,</strong></span> <span class='ocrx_word' id='word_1_442' title='bbox 1353 3347 1469 3403; x_wconf 87' lang='lat' dir='ltr'><strong>Niceam</strong></span> <span class='ocrx_word' id='word_1_443' title='bbox 1481 3343 1797 3418; x_wconf 78' lang='lat' dir='ltr'><strong>applicueruutfdfci),</strong></span> 
     </span>
     <span class='ocr_line' id='line_1_37' title="bbox 99 3429 1798 3505; baseline 0.003 -22"><span class='ocrx_word' id='word_1_444' title='bbox 99 3429 742 3500; x_wconf 87' lang='lat' dir='ltr'><strong>tiunturdiscerdia.—ltaqucobpugnatione</strong></span> <span class='ocrx_word' id='word_1_445' title='bbox 751 3430 922 3489; x_wconf 88' lang='lat' dir='ltr'><strong>insudantes</strong></span> <span class='ocrx_word' id='word_1_446' title='bbox 975 3445 1061 3504; x_wconf 88' lang='lat' dir='ltr'><strong>quarn</strong></span> <span class='ocrx_word' id='word_1_447' title='bbox 1075 3433 1173 3503; x_wconf 83' lang='lat' dir='ltr'><strong>fugato</strong></span> <span class='ocrx_word' id='word_1_448' title='bbox 1185 3435 1319 3504; x_wconf 88' lang='lat' dir='ltr'><strong>predicto</strong></span> <span class='ocrx_word' id='word_1_449' title='bbox 1331 3432 1621 3505; x_wconf 89' lang='lat' dir='ltr'><strong>Salomauoprineipe</strong></span> <span class='ocrx_word' id='word_1_450' title='bbox 1632 3446 1798 3504; x_wconf 86' lang='lat' dir='ltr'><strong>expugnau-</strong></span> 
     </span>
     <span class='ocr_line' id='line_1_38' title="bbox 99 3517 1795 3593; baseline 0.001 -18"><span class='ocrx_word' id='word_1_451' title='bbox 99 3518 211 3588; x_wconf 87' lang='lat' dir='ltr'><strong>ultirua,</strong></span> <span class='ocrx_word' id='word_1_452' title='bbox 233 3517 291 3587; x_wconf 89' lang='lat' dir='ltr'><strong>jam</strong></span> <span class='ocrx_word' id='word_1_453' title='bbox 317 3518 409 3575; x_wconf 90' lang='lat' dir='ltr'><strong>muris</strong></span> <span class='ocrx_word' id='word_1_454' title='bbox 440 3517 626 3588; x_wconf 91' lang='lat' dir='ltr'><strong>interruptis,</strong></span> <span class='ocrx_word' id='word_1_455' title='bbox 651 3518 708 3588; x_wconf 89' lang='lat' dir='ltr'><strong>jam</strong></span> <span class='ocrx_word' id='word_1_456' title='bbox 742 3519 920 3588; x_wconf 79' lang='lat' dir='ltr'><strong>fugientibus</strong></span> <span class='ocrx_word' id='word_1_457' title='bbox 974 3524 1020 3576; x_wconf 86' lang='lat' dir='ltr'><strong>tes</strong></span> <span class='ocrx_word' id='word_1_458' title='bbox 1036 3520 1141 3592; x_wconf 77' lang='lat' dir='ltr'><strong>(lum),</strong></span> <span class='ocrx_word' id='word_1_459' title='bbox 1158 3528 1273 3593; x_wconf 89' lang='lat' dir='ltr'><strong>captam</strong></span> <span class='ocrx_word' id='word_1_460' title='bbox 1290 3523 1476 3593; x_wconf 90' lang='lat' dir='ltr'><strong>imperaturis</strong></span> <span class='ocrx_word' id='word_1_461' title='bbox 1501 3521 1637 3593; x_wconf 87' lang='lat' dir='ltr'><strong>presidiis</strong></span> <span class='ocrx_word' id='word_1_462' title='bbox 1653 3521 1795 3587; x_wconf 86' lang='lat' dir='ltr'><strong>traduut;</strong></span> 
     </span>
     <span class='ocr_line' id='line_1_39' title="bbox 97 3605 1795 3681; baseline 0.002 -18"><span class='ocrx_word' id='word_1_463' title='bbox 97 3605 261 3677; x_wconf 88' lang='lat' dir='ltr'><strong>oppidanis,</strong></span> <span class='ocrx_word' id='word_1_464' title='bbox 276 3605 392 3675; x_wconf 83' lang='lat' dir='ltr'><strong>jamque</strong></span> <span class='ocrx_word' id='word_1_465' title='bbox 408 3606 610 3675; x_wconf 89' lang='lat' dir='ltr'><strong>indigenarum</strong></span> <span class='ocrx_word' id='word_1_466' title='bbox 630 3607 763 3662; x_wconf 87' lang='lat' dir='ltr'><strong>exercitu</strong></span> <span class='ocrx_word' id='word_1_467' title='bbox 787 3612 920 3665; x_wconf 88' lang='lat' dir='ltr'><strong>vastante</strong></span> <span class='ocrx_word' id='word_1_468' title='bbox 975 3610 1018 3666; x_wconf 90' lang='lat' dir='ltr'><strong>sic</strong></span> <span class='ocrx_word' id='word_1_469' title='bbox 1040 3610 1114 3665; x_wconf 91' lang='lat' dir='ltr'><strong>cuim</strong></span> <span class='ocrx_word' id='word_1_470' title='bbox 1138 3615 1319 3667; x_wconf 87' lang='lat' dir='ltr'><strong>sacramenta</strong></span> <span class='ocrx_word' id='word_1_471' title='bbox 1345 3610 1531 3667; x_wconf 87' lang='lat' dir='ltr'><strong>firmaverant</strong></span> <span class='ocrx_word' id='word_1_472' title='bbox 1555 3614 1587 3666; x_wconf 91' lang='lat' dir='ltr'><strong>ut</strong></span> <span class='ocrx_word' id='word_1_473' title='bbox 1602 3611 1694 3666; x_wconf 90' lang='lat' dir='ltr'><strong>urbes</strong></span> <span class='ocrx_word' id='word_1_474' title='bbox 1716 3624 1795 3681; x_wconf 86' lang='lat' dir='ltr'><strong>quas·</strong></span> 
     </span>
     <span class='ocr_line' id='line_1_40' title="bbox 97 3693 1794 3771; baseline 0.003 -23"><span class='ocrx_word' id='word_1_475' title='bbox 97 3693 217 3767; x_wconf 90' lang='lat' dir='ltr'><strong>propria</strong></span> <span class='ocrx_word' id='word_1_476' title='bbox 231 3693 363 3759; x_wconf 90' lang='lat' dir='ltr'><strong>flammis,</strong></span> <span class='ocrx_word' id='word_1_477' title='bbox 381 3694 454 3749; x_wconf 93' lang='lat' dir='ltr'><strong>miro</strong></span> <span class='ocrx_word' id='word_1_478' title='bbox 465 3693 516 3749; x_wconf 77' lang='lat' dir='ltr'><strong>liei</strong></span> <span class='ocrx_word' id='word_1_479' title='bbox 528 3693 736 3764; x_wconf 89' lang='lat' dir='ltr'><strong>omnipotentis</strong></span> <span class='ocrx_word' id='word_1_480' title='bbox 745 3695 919 3753; x_wconf 87' lang='lat' dir='ltr'><strong>uutuvicler</strong></span> <span class='ocrx_word' id='word_1_481' title='bbox 974 3713 1029 3769; x_wconf 91' lang='lat' dir='ltr'><strong>que</strong></span> <span class='ocrx_word' id='word_1_482' title='bbox 1044 3712 1098 3754; x_wconf 91' lang='lat' dir='ltr'><strong>suo</strong></span> <span class='ocrx_word' id='word_1_483' title='bbox 1113 3699 1236 3770; x_wconf 91' lang='lat' dir='ltr'><strong>imperio</strong></span> <span class='ocrx_word' id='word_1_484' title='bbox 1253 3699 1402 3756; x_wconf 86' lang='lat' dir='ltr'><strong>detractas</strong></span> <span class='ocrx_word' id='word_1_485' title='bbox 1419 3698 1550 3771; x_wconf 75' lang='lat' dir='ltr'><strong>pristinu</strong></span> <span class='ocrx_word' id='word_1_486' title='bbox 1565 3697 1680 3768; x_wconf 90' lang='lat' dir='ltr'><strong>ditioni,</strong></span> <span class='ocrx_word' id='word_1_487' title='bbox 1698 3698 1724 3754; x_wconf 89' lang='lat' dir='ltr'><strong>si</strong></span> <span class='ocrx_word' id='word_1_488' title='bbox 1740 3698 1794 3753; x_wconf 89' lang='lat' dir='ltr'><strong>riu·</strong></span> 
     </span>
     <span class='ocr_line' id='line_1_41' title="bbox 96 3781 1792 3860; baseline 0.003 -24"><span class='ocrx_word' id='word_1_489' title='bbox 96 3781 318 3854; x_wconf 85' lang='lat' dir='ltr'><strong>peregrinorum</strong></span> <span class='ocrx_word' id='word_1_490' title='bbox 334 3781 483 3837; x_wconf 85' lang='lat' dir='ltr'><strong>exercitus</strong></span> <span class='ocrx_word' id='word_1_491' title='bbox 501 3786 582 3851; x_wconf 89' lang='lat' dir='ltr'><strong>terga</strong></span> <span class='ocrx_word' id='word_1_492' title='bbox 598 3781 786 3839; x_wconf 91' lang='lat' dir='ltr'><strong>nibilominus</strong></span> <span class='ocrx_word' id='word_1_493' title='bbox 808 3785 897 3839; x_wconf 88' lang='lat' dir='ltr'><strong>vertit</strong></span> <span class='ocrx_word' id='word_1_494' title='bbox 911 3803 918 3851; x_wconf 91' lang='lat'>;</span> <span class='ocrx_word' id='word_1_495' title='bbox 973 3792 1086 3857; x_wconf 90' lang='lat' dir='ltr'><strong>cereut,</strong></span> <span class='ocrx_word' id='word_1_496' title='bbox 1099 3786 1390 3860; x_wconf 89' lang='lat' dir='ltr'><strong>redderent,ipsique</strong></span> <span class='ocrx_word' id='word_1_497' title='bbox 1401 3786 1528 3843; x_wconf 88' lang='lat' dir='ltr'><strong>vicissim</strong></span> <span class='ocrx_word' id='word_1_498' title='bbox 1541 3790 1598 3841; x_wconf 89' lang='lat' dir='ltr'><strong>tam</strong></span> <span class='ocrx_word' id='word_1_499' title='bbox 1611 3787 1792 3858; x_wconf 84' lang='lat' dir='ltr'><strong>armisquam</strong></span> 
     </span>
     <span class='ocr_line' id='line_1_42' title="bbox 96 3869 1790 3945; baseline 0.002 -20"><span class='ocrx_word' id='word_1_500' title='bbox 96 3870 266 3939; x_wconf 84' lang='lat' dir='ltr'><strong>relictisque</strong></span> <span class='ocrx_word' id='word_1_501' title='bbox 281 3869 537 3942; x_wconf 90' lang='lat' dir='ltr'><strong>suppellectilibus</strong></span> <span class='ocrx_word' id='word_1_502' title='bbox 553 3869 607 3940; x_wconf 81' lang='lat'><strong>¹⁶³¹,</strong></span> <span class='ocrx_word' id='word_1_503' title='bbox 629 3870 667 3925; x_wconf 91' lang='lat' dir='ltr'><strong>nil</strong></span> <span class='ocrx_word' id='word_1_504' title='bbox 682 3871 805 3942; x_wconf 89' lang='lat' dir='ltr'><strong>quisque</strong></span> <span class='ocrx_word' id='word_1_505' title='bbox 820 3877 919 3943; x_wconf 89' lang='lat' dir='ltr'><strong>preter</strong></span> <span class='ocrx_word' id='word_1_506' title='bbox 973 3873 1129 3945; x_wconf 90' lang='lat' dir='ltr'><strong>stipendiis</strong></span> <span class='ocrx_word' id='word_1_507' title='bbox 1142 3875 1230 3944; x_wconf 88' lang='lat' dir='ltr'><strong>regiis</strong></span> <span class='ocrx_word' id='word_1_508' title='bbox 1245 3875 1318 3930; x_wconf 88' lang='lat' dir='ltr'><strong>inira</strong></span> <span class='ocrx_word' id='word_1_509' title='bbox 1334 3879 1439 3931; x_wconf 90' lang='lat' dir='ltr'><strong>ruetam</strong></span> <span class='ocrx_word' id='word_1_510' title='bbox 1455 3875 1578 3930; x_wconf 87' lang='lat' dir='ltr'><strong>eandem</strong></span> <span class='ocrx_word' id='word_1_511' title='bbox 1594 3874 1732 3932; x_wconf 88' lang='lat' dir='ltr'><strong>seforeri</strong></span> <span class='ocrx_word' id='word_1_512' title='bbox 1743 3888 1790 3930; x_wconf 91' lang='lat' dir='ltr'><strong>neu</strong></span> 
     </span>
     <span class='ocr_line' id='line_1_43' title="bbox 95 3958 1789 4035; baseline 0.001 -20"><span class='ocrx_word' id='word_1_513' title='bbox 95 3959 231 4015; x_wconf 89' lang='lat' dir='ltr'><strong>miseram</strong></span> <span class='ocrx_word' id='word_1_514' title='bbox 256 3958 379 4015; x_wconf 88' lang='lat' dir='ltr'><strong>animam</strong></span> <span class='ocrx_word' id='word_1_515' title='bbox 405 3959 592 4016; x_wconf 89' lang='lat' dir='ltr'><strong>emolumenti</strong></span> <span class='ocrx_word' id='word_1_516' title='bbox 618 3960 789 4030; x_wconf 87' lang='lat' dir='ltr'><strong>reportavit.</strong></span> <span class='ocrx_word' id='word_1_517' title='bbox 808 3961 853 4016; x_wconf 90' lang='lat' dir='ltr'><strong>Sic</strong></span> <span class='ocrx_word' id='word_1_518' title='bbox 878 3961 919 4021; x_wconf 88' lang='lat' dir='ltr'><strong>ni.</strong></span> <span class='ocrx_word' id='word_1_519' title='bbox 973 3961 1152 4018; x_wconf 89' lang='lat' dir='ltr'><strong>dubitarent.</strong></span> <span class='ocrx_word' id='word_1_520' title='bbox 1169 3962 1237 4019; x_wconf 92' lang='lat' dir='ltr'><strong>lude</strong></span> <span class='ocrx_word' id='word_1_521' title='bbox 1258 3977 1309 4035; x_wconf 92' lang='lat' dir='ltr'><strong>per</strong></span> <span class='ocrx_word' id='word_1_522' title='bbox 1331 3977 1450 4032; x_wconf 89' lang='lat' dir='ltr'><strong>regnum</strong></span> <span class='ocrx_word' id='word_1_523' title='bbox 1477 3962 1673 4033; x_wconf 88' lang='lat' dir='ltr'><strong>Constantini,</strong></span> <span class='ocrx_word' id='word_1_524' title='bbox 1689 3967 1789 4020; x_wconf 86' lang='lat' dir='ltr'><strong>terram</strong></span> 
     </span>
     <span class='ocr_line' id='line_1_44' title="bbox 95 4047 1790 4123; baseline 0.001 -19"><span class='ocrx_word' id='word_1_525' title='bbox 95 4048 210 4117; x_wconf 91' lang='lat' dir='ltr'><strong>mirum,</strong></span> <span class='ocrx_word' id='word_1_526' title='bbox 227 4047 269 4103; x_wconf 91' lang='lat' dir='ltr'><strong>sic</strong></span> <span class='ocrx_word' id='word_1_527' title='bbox 285 4052 395 4104; x_wconf 82' lang='lat' dir='ltr'><strong>uestrae</strong></span> <span class='ocrx_word' id='word_1_528' title='bbox 410 4049 507 4118; x_wconf 91' lang='lat' dir='ltr'><strong>gentis</strong></span> <span class='ocrx_word' id='word_1_529' title='bbox 531 4048 663 4105; x_wconf 85' lang='lat' dir='ltr'><strong>hemines</strong></span> <span class='ocrx_word' id='word_1_530' title='bbox 678 4050 771 4105; x_wconf 86' lang='lat' dir='ltr'><strong>zelum</strong></span> <span class='ocrx_word' id='word_1_531' title='bbox 789 4050 849 4122; x_wconf 87' lang='lat' dir='ltr'><strong>Dei,</strong></span> <span class='ocrx_word' id='word_1_532' title='bbox 866 4049 917 4106; x_wconf 89' lang='lat' dir='ltr'><strong>sed</strong></span> <span class='ocrx_word' id='word_1_533' title='bbox 972 4048 1073 4120; x_wconf 91' lang='lat' dir='ltr'><strong>utique</strong></span> <span class='ocrx_word' id='word_1_534' title='bbox 1087 4050 1350 4122; x_wconf 89' lang='lat' dir='ltr'><strong>opulentissimam,</strong></span> <span class='ocrx_word' id='word_1_535' title='bbox 1369 4051 1605 4123; x_wconf 89' lang='lat' dir='ltr'><strong>progredientes,</strong></span> <span class='ocrx_word' id='word_1_536' title='bbox 1624 4063 1708 4108; x_wconf 90' lang='lat' dir='ltr'><strong>mars</strong></span> <span class='ocrx_word' id='word_1_537' title='bbox 1731 4064 1790 4109; x_wconf 89' lang='lat' dir='ltr'><strong>con·</strong></span> 
     </span>
     <span class='ocr_line' id='line_1_45' title="bbox 94 4133 1789 4212; baseline 0.001 -19"><span class='ocrx_word' id='word_1_538' title='bbox 94 4151 151 4193; x_wconf 91' lang='lat' dir='ltr'><strong>uen</strong></span> <span class='ocrx_word' id='word_1_539' title='bbox 167 4133 325 4192; x_wconf 88' lang='lat' dir='ltr'><strong>secuudum</strong></span> <span class='ocrx_word' id='word_1_540' title='bbox 340 4136 490 4192; x_wconf 88' lang='lat' dir='ltr'><strong>scientiam</strong></span> <span class='ocrx_word' id='word_1_541' title='bbox 508 4138 601 4205; x_wconf 76' lang='lat' dir='ltr'><strong>(iterra</strong></span> <span class='ocrx_word' id='word_1_542' title='bbox 619 4153 647 4208; x_wconf 89' lang='lat' dir='ltr'><strong>x,</strong></span> <span class='ocrx_word' id='word_1_543' title='bbox 657 4140 684 4209; x_wconf 75' lang='grc'><strong>1)</strong></span> <span class='ocrx_word' id='word_1_544' title='bbox 696 4136 747 4192; x_wconf 81' lang='lat' dir='ltr'><strong>liei</strong></span> <span class='ocrx_word' id='word_1_545' title='bbox 763 4137 914 4209; x_wconf 88' lang='lat' dir='ltr'><strong>babentes,</strong></span> <span class='ocrx_word' id='word_1_546' title='bbox 971 4138 1087 4207; x_wconf 89' lang='lat' dir='ltr'><strong>tingunt</strong></span> <span class='ocrx_word' id='word_1_547' title='bbox 1102 4138 1224 4196; x_wconf 83' lang='lat' dir='ltr'><strong>Rusciae.</strong></span> <span class='ocrx_word' id='word_1_548' title='bbox 1243 4140 1358 4211; x_wconf 89' lang='lat' dir='ltr'><strong>sicque,</strong></span> <span class='ocrx_word' id='word_1_549' title='bbox 1376 4144 1406 4196; x_wconf 92' lang='lat' dir='ltr'><strong>ut</strong></span> <span class='ocrx_word' id='word_1_550' title='bbox 1424 4139 1548 4212; x_wconf 89' lang='lat' dir='ltr'><strong>epistola</strong></span> <span class='ocrx_word' id='word_1_551' title='bbox 1568 4139 1655 4195; x_wconf 87' lang='lat' dir='ltr'><strong>decet</strong></span> <span class='ocrx_word' id='word_1_552' title='bbox 1684 4154 1700 4195; x_wconf 89' lang='lat' dir='ltr'><strong>a</strong></span> <span class='ocrx_word' id='word_1_553' title='bbox 1724 4139 1789 4196; x_wconf 83' lang='lat' dir='ltr'><strong>ltue</strong></span> 
     </span>
     <span class='ocr_line' id='line_1_46' title="bbox 94 4223 1787 4301; baseline 0.002 -20"><span class='ocrx_word' id='word_1_554' title='bbox 94 4225 202 4295; x_wconf 90' lang='lat' dir='ltr'><strong>quippe</strong></span> <span class='ocrx_word' id='word_1_555' title='bbox 219 4223 266 4293; x_wconf 91' lang='lat' dir='ltr'><strong>qui</strong></span> <span class='ocrx_word' id='word_1_556' title='bbox 283 4223 310 4277; x_wconf 90' lang='lat' dir='ltr'><strong>in</strong></span> <span class='ocrx_word' id='word_1_557' title='bbox 326 4223 439 4294; x_wconf 86' lang='lat' dir='ltr'><strong>militia,</strong></span> <span class='ocrx_word' id='word_1_558' title='bbox 458 4239 543 4294; x_wconf 88' lang='lat' dir='ltr'><strong>quarn</strong></span> <span class='ocrx_word' id='word_1_559' title='bbox 558 4224 586 4279; x_wconf 92' lang='lat' dir='ltr'><strong>iu</strong></span> <span class='ocrx_word' id='word_1_560' title='bbox 603 4224 763 4282; x_wconf 86' lang='lat' dir='ltr'><strong>liberandis</strong></span> <span class='ocrx_word' id='word_1_561' title='bbox 778 4225 917 4282; x_wconf 87' lang='lat' dir='ltr'><strong>Christia-</strong></span> <span class='ocrx_word' id='word_1_562' title='bbox 970 4231 1054 4299; x_wconf 92' lang='lat' dir='ltr'><strong>pcrto</strong></span> <span class='ocrx_word' id='word_1_563' title='bbox 1070 4227 1175 4286; x_wconf 89' lang='lat' dir='ltr'><strong>comite</strong></span> <span class='ocrx_word' id='word_1_564' title='bbox 1191 4226 1287 4285; x_wconf 87' lang='lat' dir='ltr'><strong>delata</strong></span> <span class='ocrx_word' id='word_1_565' title='bbox 1310 4227 1393 4301; x_wconf 78' lang='grc'><strong>(189),</strong></span> <span class='ocrx_word' id='word_1_566' title='bbox 1407 4242 1473 4286; x_wconf 88' lang='lat' dir='ltr'><strong>eum</strong></span> <span class='ocrx_word' id='word_1_567' title='bbox 1492 4231 1572 4283; x_wconf 89' lang='lat' dir='ltr'><strong>tauta</strong></span> <span class='ocrx_word' id='word_1_568' title='bbox 1590 4226 1787 4286; x_wconf 84' lang='lat' dir='ltr'><strong>alimentorum</strong></span> 
     </span>
     <span class='ocr_line' id='line_1_47' title="bbox 93 4310 1788 4386; baseline 0.001 -18"><span class='ocrx_word' id='word_1_569' title='bbox 93 4313 139 4369; x_wconf 89' lang='lat' dir='ltr'><strong>nis</strong></span> <span class='ocrx_word' id='word_1_570' title='bbox 154 4311 287 4367; x_wconf 82' lang='lat' dir='ltr'><strong>t&#39;bristns</strong></span> <span class='ocrx_word' id='word_1_571' title='bbox 304 4310 481 4382; x_wconf 89' lang='lat' dir='ltr'><strong>providerat,</strong></span> <span class='ocrx_word' id='word_1_572' title='bbox 498 4310 572 4368; x_wconf 90' lang='lat' dir='ltr'><strong>alios</strong></span> <span class='ocrx_word' id='word_1_573' title='bbox 595 4312 720 4369; x_wconf 87' lang='lat' dir='ltr'><strong>vicissim</strong></span> <span class='ocrx_word' id='word_1_574' title='bbox 736 4312 916 4372; x_wconf 85' lang='lat' dir='ltr'><strong>Christianos</strong></span> <span class='ocrx_word' id='word_1_575' title='bbox 969 4315 1147 4372; x_wconf 89' lang='lat' dir='ltr'><strong>abundantia</strong></span> <span class='ocrx_word' id='word_1_576' title='bbox 1172 4315 1306 4373; x_wconf 89' lang='lat' dir='ltr'><strong>militiam</strong></span> <span class='ocrx_word' id='word_1_577' title='bbox 1331 4331 1413 4373; x_wconf 91' lang='lat' dir='ltr'><strong>suam</strong></span> <span class='ocrx_word' id='word_1_578' title='bbox 1445 4315 1579 4372; x_wconf 87' lang='lat' dir='ltr'><strong>Christus</strong></span> <span class='ocrx_word' id='word_1_579' title='bbox 1604 4314 1740 4386; x_wconf 86' lang='lat' dir='ltr'><strong>deduxit,</strong></span> <span class='ocrx_word' id='word_1_580' title='bbox 1761 4319 1788 4370; x_wconf 92' lang='lat' dir='ltr'><strong>ut</strong></span> 
     </span>
     <span class='ocr_line' id='line_1_48' title="bbox 93 4395 1788 4476; baseline 0.002 -22"><span class='ocrx_word' id='word_1_581' title='bbox 93 4398 228 4472; x_wconf 86' lang='lat' dir='ltr'><strong>persequi</strong></span> <span class='ocrx_word' id='word_1_582' title='bbox 241 4404 391 4469; x_wconf 88' lang='lat' dir='ltr'><strong>ceperant,</strong></span> <span class='ocrx_word' id='word_1_583' title='bbox 404 4399 590 4456; x_wconf 89' lang='lat' dir='ltr'><strong>miseratione</strong></span> <span class='ocrx_word' id='word_1_584' title='bbox 602 4399 698 4456; x_wconf 83' lang='lat' dir='ltr'><strong>divina</strong></span> <span class='ocrx_word' id='word_1_585' title='bbox 711 4400 839 4458; x_wconf 89' lang='lat' dir='ltr'><strong>fraterno</strong></span> <span class='ocrx_word' id='word_1_586' title='bbox 850 4416 915 4463; x_wconf 86' lang='lat' dir='ltr'><strong>sau·</strong></span> <span class='ocrx_word' id='word_1_587' title='bbox 931 4395 955 4468; x_wconf 87' lang='lat' dir='ltr'><strong>D</strong></span> <span class='ocrx_word' id='word_1_588' title='bbox 971 4403 1048 4461; x_wconf 89' lang='lat' dir='ltr'><strong>aries</strong></span> <span class='ocrx_word' id='word_1_589' title='bbox 1064 4419 1180 4461; x_wconf 90' lang='lat' dir='ltr'><strong>nummo</strong></span> <span class='ocrx_word' id='word_1_590' title='bbox 1195 4407 1305 4476; x_wconf 90' lang='lat' dir='ltr'><strong>bosque</strong></span> <span class='ocrx_word' id='word_1_591' title='bbox 1321 4404 1394 4463; x_wconf 90' lang='lat' dir='ltr'><strong>siclo</strong></span> <span class='ocrx_word' id='word_1_592' title='bbox 1416 4405 1565 4461; x_wconf 85' lang='lat' dir='ltr'><strong>veniisset.</strong></span> <span class='ocrx_word' id='word_1_593' title='bbox 1583 4404 1738 4475; x_wconf 70' lang='lat' dir='ltr'><strong>Pretercm</strong></span> <span class='ocrx_word' id='word_1_594' title='bbox 1753 4403 1788 4459; x_wconf 93' lang='lat' dir='ltr'><strong>iu·</strong></span> 
     </span>
     <span class='ocr_line' id='line_1_49' title="bbox 91 4487 1788 4567; baseline 0.005 -24"><span class='ocrx_word' id='word_1_595' title='bbox 91 4487 180 4557; x_wconf 90' lang='lat' dir='ltr'><strong>guiue</strong></span> <span class='ocrx_word' id='word_1_596' title='bbox 196 4487 333 4558; x_wconf 86' lang='lat' dir='ltr'><strong>repressi,</strong></span> <span class='ocrx_word' id='word_1_597' title='bbox 350 4487 468 4558; x_wconf 84' lang='lat' dir='ltr'><strong>ngarii</strong></span> <span class='ocrx_word' id='word_1_598' title='bbox 485 4503 600 4559; x_wconf 88' lang='lat' dir='ltr'><strong>quoque</strong></span> <span class='ocrx_word' id='word_1_599' title='bbox 612 4488 729 4545; x_wconf 89' lang='lat' dir='ltr'><strong>liberati</strong></span> <span class='ocrx_word' id='word_1_600' title='bbox 740 4494 808 4547; x_wconf 91' lang='lat' dir='ltr'><strong>sunt</strong></span> <span class='ocrx_word' id='word_1_601' title='bbox 820 4507 827 4557; x_wconf 92' lang='lat'>;</span> <span class='ocrx_word' id='word_1_602' title='bbox 840 4490 913 4549; x_wconf 82' lang='lat' dir='ltr'><strong>baec·</strong></span> <span class='ocrx_word' id='word_1_603' title='bbox 969 4492 1042 4564; x_wconf 92' lang='lat' dir='ltr'><strong>quit,</strong></span> <span class='ocrx_word' id='word_1_604' title='bbox 1054 4493 1788 4567; x_wconf 73' lang='lat' dir='ltr'><strong>quotierepereetprtmrpessaeaeemrumem</strong></span> 
     </span>
     <span class='ocr_line' id='line_1_50' title="bbox 91 4574 1789 4654; baseline 0.005 -23"><span class='ocrx_word' id='word_1_605' title='bbox 91 4589 147 4648; x_wconf 89' lang='lat' dir='ltr'><strong>que</strong></span> <span class='ocrx_word' id='word_1_606' title='bbox 162 4577 207 4631; x_wconf 90' lang='lat' dir='ltr'><strong>est</strong></span> <span class='ocrx_word' id='word_1_607' title='bbox 222 4589 320 4644; x_wconf 88' lang='lat' dir='ltr'><strong>causa,</strong></span> <span class='ocrx_word' id='word_1_608' title='bbox 331 4589 386 4645; x_wconf 88' lang='lat' dir='ltr'><strong>qua</strong></span> <span class='ocrx_word' id='word_1_609' title='bbox 403 4575 519 4645; x_wconf 88' lang='lat' dir='ltr'><strong>qnidam</strong></span> <span class='ocrx_word' id='word_1_610' title='bbox 534 4574 728 4648; x_wconf 86' lang='lat' dir='ltr'><strong>simpliciores</strong></span> <span class='ocrx_word' id='word_1_611' title='bbox 740 4579 855 4650; x_wconf 89' lang='lat' dir='ltr'><strong>fratres,</strong></span> <span class='ocrx_word' id='word_1_612' title='bbox 869 4585 913 4638; x_wconf 91' lang='lat' dir='ltr'><strong>ut·</strong></span> <span class='ocrx_word' id='word_1_613' title='bbox 966 4583 1167 4640; x_wconf 67' lang='lat' dir='ltr'><strong>curararum</strong></span> <span class='ocrx_word' id='word_1_614' title='bbox 1178 4584 1213 4641; x_wconf 80' lang='lat' dir='ltr'><strong>ie</strong></span> <span class='ocrx_word' id='word_1_615' title='bbox 1224 4597 1288 4654; x_wconf 83' lang='lat' dir='ltr'><strong>ecs,</strong></span> <span class='ocrx_word' id='word_1_616' title='bbox 1299 4583 1359 4641; x_wconf 79' lang='lat' dir='ltr'><strong>Deo</strong></span> <span class='ocrx_word' id='word_1_617' title='bbox 1369 4580 1789 4654; x_wconf 67' lang='lat' dir='ltr'><strong>eorummetevreeume</strong></span> 
     </span>
     <span class='ocr_line' id='line_1_51' title="bbox 90 4660 1787 4743; baseline 0.003 -24"><span class='ocrx_word' id='word_1_618' title='bbox 90 4668 159 4735; x_wconf 91' lang='lat' dir='ltr'><strong>pote</strong></span> <span class='ocrx_word' id='word_1_619' title='bbox 186 4677 246 4717; x_wconf 87' lang='lat' dir='ltr'><strong>reru</strong></span> <span class='ocrx_word' id='word_1_620' title='bbox 272 4660 453 4733; x_wconf 87' lang='lat' dir='ltr'><strong>ignorantes,</strong></span> <span class='ocrx_word' id='word_1_621' title='bbox 478 4663 680 4735; x_wconf 87' lang='lat' dir='ltr'><strong>scandalizati,</strong></span> <span class='ocrx_word' id='word_1_622' title='bbox 707 4668 800 4722; x_wconf 89' lang='lat' dir='ltr'><strong>totum</strong></span> <span class='ocrx_word' id='word_1_623' title='bbox 824 4666 911 4737; x_wconf 75' lang='lat' dir='ltr'><strong>buius</strong></span> <span class='ocrx_word' id='word_1_624' title='bbox 967 4669 1077 4728; x_wconf 72' lang='lat' dir='ltr'><strong>colati</strong></span> <span class='ocrx_word' id='word_1_625' title='bbox 1100 4671 1179 4728; x_wconf 78' lang='lat' dir='ltr'><strong>aaut.</strong></span> <span class='ocrx_word' id='word_1_626' title='bbox 1206 4670 1248 4728; x_wconf 89' lang='lat' dir='ltr'><strong>Ob</strong></span> <span class='ocrx_word' id='word_1_627' title='bbox 1272 4671 1336 4729; x_wconf 85' lang='lat' dir='ltr'><strong>baec</strong></span> <span class='ocrx_word' id='word_1_628' title='bbox 1360 4672 1460 4743; x_wconf 88' lang='lat' dir='ltr'><strong>itaque</strong></span> <span class='ocrx_word' id='word_1_629' title='bbox 1483 4669 1611 4728; x_wconf 89' lang='lat' dir='ltr'><strong>feliciter</strong></span> <span class='ocrx_word' id='word_1_630' title='bbox 1635 4674 1704 4728; x_wconf 88' lang='lat' dir='ltr'><strong>acta</strong></span> <span class='ocrx_word' id='word_1_631' title='bbox 1727 4669 1787 4741; x_wconf 83' lang='lat' dir='ltr'><strong>quia</strong></span> 
     </span>
     <span class='ocr_line' id='line_1_52' title="bbox 87 4751 1788 4833; baseline 0.007 -27"><span class='ocrx_word' id='word_1_632' title='bbox 87 4751 280 4823; x_wconf 89' lang='lat' dir='ltr'><strong>profectionis</strong></span> <span class='ocrx_word' id='word_1_633' title='bbox 291 4755 427 4806; x_wconf 88' lang='lat' dir='ltr'><strong>conatum</strong></span> <span class='ocrx_word' id='word_1_634' title='bbox 439 4766 543 4809; x_wconf 88' lang='lat' dir='ltr'><strong>vanum</strong></span> <span class='ocrx_word' id='word_1_635' title='bbox 555 4757 644 4824; x_wconf 91' lang='lat' dir='ltr'><strong>atque</strong></span> <span class='ocrx_word' id='word_1_636' title='bbox 654 4752 861 4826; x_wconf 86' lang='lat' dir='ltr'><strong>fribolum,ipsi</strong></span> <span class='ocrx_word' id='word_1_637' title='bbox 872 4757 912 4812; x_wconf 92' lang='lat' dir='ltr'><strong>ui·</strong></span> <span class='ocrx_word' id='word_1_638' title='bbox 967 4757 1083 4829; x_wconf 88' lang='lat' dir='ltr'><strong>quidam</strong></span> <span class='ocrx_word' id='word_1_639' title='bbox 1097 4758 1306 4831; x_wconf 86' lang='lat' dir='ltr'><strong>intumuerant,</strong></span> <span class='ocrx_word' id='word_1_640' title='bbox 1319 4760 1457 4833; x_wconf 88' lang='lat' dir='ltr'><strong>opposuit</strong></span> <span class='ocrx_word' id='word_1_641' title='bbox 1466 4760 1510 4816; x_wconf 89' lang='lat' dir='ltr'><strong>eis</strong></span> <span class='ocrx_word' id='word_1_642' title='bbox 1520 4760 1597 4818; x_wconf 88' lang='lat' dir='ltr'><strong>fleus</strong></span> <span class='ocrx_word' id='word_1_643' title='bbox 1607 4759 1788 4819; x_wconf 78' lang='lat' dir='ltr'><strong>Antiochiam</strong></span> 
     </span>
    </p>
   </div>
   <div class='ocr_carea' id='block_1_3' title="bbox 773 4851 1112 4912">
    <p class='ocr_par' dir='ltr' id='par_1_5' title="bbox 773 4851 1112 4912">
     <span class='ocr_line' id='line_1_53' title="bbox 773 4851 1112 4912; baseline 0.015 -5"><span class='ocrx_word' id='word_1_644' title='bbox 773 4851 891 4908; x_wconf 79' lang='lat' dir='ltr'><strong>VARlAE</strong></span> <span class='ocrx_word' id='word_1_645' title='bbox 912 4854 1112 4912; x_wconf 77' lang='lat' dir='ltr'><strong>tucrluuus.</strong></span> 
     </span>
    </p>
   </div>
   <div class='ocr_carea' id='block_1_4' title="bbox 87 4934 1789 5229">
    <p class='ocr_par' dir='ltr' id='par_1_6' title="bbox 87 4934 1789 5229">
     <span class='ocr_line' id='line_1_54' title="bbox 124 4934 1786 5020; baseline 0.006 -27"><span class='ocrx_word' id='word_1_646' title='bbox 124 4934 170 4971; x_wconf 81' lang='lat'><strong>¹⁶³⁰</strong></span> <span class='ocrx_word' id='word_1_647' title='bbox 184 4943 389 5010; x_wconf 89' lang='lat' dir='ltr'><strong>premouuorat</strong></span> <span class='ocrx_word' id='word_1_648' title='bbox 403 4941 434 4995; x_wconf 92' lang='lat' dir='ltr'><strong>ll.</strong></span> <span class='ocrx_word' id='word_1_649' title='bbox 455 4937 621 5010; x_wconf 88' lang='lat' dir='ltr'><strong>perculerat</strong></span> <span class='ocrx_word' id='word_1_650' title='bbox 635 4940 669 4995; x_wconf 82' lang='lat' dir='ltr'><strong>iu</strong></span> <span class='ocrx_word' id='word_1_651' title='bbox 681 4937 819 5009; x_wconf 71' lang='lat' dir='ltr'><strong>merciae</strong></span> <span class='ocrx_word' id='word_1_652' title='bbox 833 4940 903 4998; x_wconf 82' lang='lat' dir='ltr'><strong>cdd.</strong></span> <span class='ocrx_word' id='word_1_653' title='bbox 920 4939 967 4999; x_wconf 91' lang='lat' dir='ltr'><strong>vel</strong></span> <span class='ocrx_word' id='word_1_654' title='bbox 983 4950 1190 5013; x_wconf 84' lang='lat' dir='ltr'><strong>promeruerat</strong></span> <span class='ocrx_word' id='word_1_655' title='bbox 1207 4946 1328 5005; x_wconf 73' lang='grc'><strong>111111</strong></span> <span class='ocrx_word' id='word_1_656' title='bbox 1340 4959 1486 5019; x_wconf 62' lang='lat' dir='ltr'><strong>reputer.</strong></span> <span class='ocrx_word' id='word_1_657' title='bbox 1503 4950 1529 5004; x_wconf 81' lang='lat' dir='ltr'><strong>d.</strong></span> <span class='ocrx_word' id='word_1_658' title='bbox 1546 4959 1573 5003; x_wconf 85' lang='lat' dir='ltr'><strong>v.</strong></span> <span class='ocrx_word' id='word_1_659' title='bbox 1592 4962 1619 5020; x_wconf 91' lang='lat' dir='ltr'><strong>p.</strong></span> <span class='ocrx_word' id='word_1_660' title='bbox 1642 4946 1786 5007; x_wconf 71' lang='lat' dir='ltr'><strong>ammte</strong></span> 
     </span>
     <span class='ocr_line' id='line_1_55' title="bbox 88 5007 1789 5136; baseline 0.008 -73"><span class='ocrx_word' id='word_1_661' title='bbox 88 5007 135 5064; x_wconf 90' lang='lat' dir='ltr'><strong>vel</strong></span> <span class='ocrx_word' id='word_1_662' title='bbox 152 5016 335 5078; x_wconf 86' lang='lat' dir='ltr'><strong>premererat</strong></span> <span class='ocrx_word' id='word_1_663' title='bbox 350 5009 437 5080; x_wconf 85' lang='lat' dir='ltr'><strong>(corr.</strong></span> <span class='ocrx_word' id='word_1_664' title='bbox 454 5009 534 5090; x_wconf 81' lang='lat' dir='ltr'><strong>velut</strong></span> <span class='ocrx_word' id='word_1_665' title='bbox 545 5012 769 5136; x_wconf 34' lang='lat' dir='ltr'><strong>‚preruouucratl</strong></span> <span class='ocrx_word' id='word_1_666' title='bbox 778 5009 836 5080; x_wconf 76' lang='lat' dir='ltr'><strong>iam</strong></span> <span class='ocrx_word' id='word_1_667' title='bbox 849 5012 1050 5083; x_wconf 85' lang='lat' dir='ltr'><strong>perculeratd.</strong></span> <span class='ocrx_word' id='word_1_668' title='bbox 1063 5015 1144 5072; x_wconf 82' lang='lat' dir='ltr'><strong>idem</strong></span> <span class='ocrx_word' id='word_1_669' title='bbox 1153 5030 1229 5074; x_wconf 84' lang='lat' dir='ltr'><strong>cerr.</strong></span> <span class='ocrx_word' id='word_1_670' title='bbox 1241 5018 1288 5075; x_wconf 87' lang='lat' dir='ltr'><strong>vel</strong></span> <span class='ocrx_word' id='word_1_671' title='bbox 1303 5021 1510 5091; x_wconf 86' lang='lat' dir='ltr'><strong>premcuuerat</strong></span> <span class='ocrx_word' id='word_1_672' title='bbox 1526 5021 1564 5073; x_wconf 76' lang='lat'><strong>9⁶.</strong></span> <span class='ocrx_word' id='word_1_673' title='bbox 1578 5033 1606 5091; x_wconf 87' lang='lat' dir='ltr'><strong>p.</strong></span> <span class='ocrx_word' id='word_1_674' title='bbox 1618 5017 1668 5076; x_wconf 82' lang='lat' dir='ltr'><strong>vel</strong></span> <span class='ocrx_word' id='word_1_675' title='bbox 1679 5032 1789 5092; x_wconf 82' lang='lat' dir='ltr'><strong>perure·</strong></span> 
     </span>
     <span class='ocr_line' id='line_1_56' title="bbox 87 5078 1788 5165; baseline 0.009 -32"><span class='ocrx_word' id='word_1_676' title='bbox 87 5081 191 5133; x_wconf 80' lang='lat' dir='ltr'><strong>narrat</strong></span> <span class='ocrx_word' id='word_1_677' title='bbox 208 5079 250 5134; x_wconf 88' lang='grc'><strong>10.</strong></span> <span class='ocrx_word' id='word_1_678' title='bbox 290 5078 335 5112; x_wconf 80' lang='lat'><strong>¹⁸³¹</strong></span> <span class='ocrx_word' id='word_1_679' title='bbox 351 5079 550 5151; x_wconf 76' lang='lat' dir='ltr'><strong>subpellectili</strong></span> <span class='ocrx_word' id='word_1_680' title='bbox 575 5095 608 5137; x_wconf 92' lang='lat' dir='ltr'><strong>us</strong></span> <span class='ocrx_word' id='word_1_681' title='bbox 622 5093 698 5137; x_wconf 86' lang='lat' dir='ltr'><strong>cerr.</strong></span> <span class='ocrx_word' id='word_1_682' title='bbox 714 5094 747 5136; x_wconf 92' lang='lat' dir='ltr'><strong>su</strong></span> <span class='ocrx_word' id='word_1_683' title='bbox 772 5095 797 5151; x_wconf 94' lang='lat' dir='ltr'><strong>p.</strong></span> <span class='ocrx_word' id='word_1_684' title='bbox 816 5085 841 5137; x_wconf 91' lang='grc'><strong>1.</strong></span> <span class='ocrx_word' id='word_1_685' title='bbox 881 5080 928 5115; x_wconf 74' lang='lat'>¹⁸⁸²</span> <span class='ocrx_word' id='word_1_686' title='bbox 940 5083 1035 5140; x_wconf 87' lang='lat' dir='ltr'><strong>Paleis</strong></span> <span class='ocrx_word' id='word_1_687' title='bbox 1052 5086 1082 5142; x_wconf 85' lang='lat' dir='ltr'><strong>ct</strong></span> <span class='ocrx_word' id='word_1_688' title='bbox 1093 5085 1258 5157; x_wconf 79' lang='lat' dir='ltr'><strong>huiusmodi</strong></span> <span class='ocrx_word' id='word_1_689' title='bbox 1274 5119 1309 5130; x_wconf 90' lang='lat'><em>-</em></span> <span class='ocrx_word' id='word_1_690' title='bbox 1324 5088 1415 5147; x_wconf 92' lang='lat' dir='ltr'><strong>duces</strong></span> <span class='ocrx_word' id='word_1_691' title='bbox 1429 5103 1494 5147; x_wconf 91' lang='lat' dir='ltr'><strong>cum</strong></span> <span class='ocrx_word' id='word_1_692' title='bbox 1509 5088 1600 5148; x_wconf 86' lang='lat' dir='ltr'><strong>suise</strong></span> <span class='ocrx_word' id='word_1_693' title='bbox 1618 5101 1698 5148; x_wconf 77' lang='lat' dir='ltr'><strong>cerr.</strong></span> <span class='ocrx_word' id='word_1_694' title='bbox 1722 5101 1788 5165; x_wconf 77' lang='lat' dir='ltr'><strong>par·</strong></span> 
     </span>
     <span class='ocr_line' id='line_1_57' title="bbox 87 5147 1201 5229; baseline 0.008 -24"><span class='ocrx_word' id='word_1_695' title='bbox 87 5147 140 5205; x_wconf 81' lang='lat' dir='ltr'><strong>tim</strong></span> <span class='ocrx_word' id='word_1_696' title='bbox 152 5148 187 5204; x_wconf 81' lang='lat' dir='ltr'><strong>iu</strong></span> <span class='ocrx_word' id='word_1_697' title='bbox 201 5149 260 5208; x_wconf 84' lang='lat' dir='ltr'><strong>loco</strong></span> <span class='ocrx_word' id='word_1_698' title='bbox 273 5164 343 5209; x_wconf 84' lang='lat' dir='ltr'><strong>rere</strong></span> <span class='ocrx_word' id='word_1_699' title='bbox 352 5151 470 5222; x_wconf 80' lang='lat' dir='ltr'><strong>parum</strong></span> <span class='ocrx_word' id='word_1_700' title='bbox 483 5152 517 5208; x_wconf 81' lang='lat' dir='ltr'><strong>ie</strong></span> <span class='ocrx_word' id='word_1_701' title='bbox 530 5164 624 5222; x_wconf 70' lang='lat' dir='ltr'><strong>merc.</strong></span> <span class='ocrx_word' id='word_1_702' title='bbox 642 5152 667 5207; x_wconf 92' lang='grc'><strong>1.</strong></span> <span class='ocrx_word' id='word_1_703' title='bbox 708 5148 741 5183; x_wconf 77' lang='lat'><strong>¹⁸⁸</strong></span> <span class='ocrx_word' id='word_1_704' title='bbox 767 5163 782 5208; x_wconf 81' lang='lat' dir='ltr'><strong>e</strong></span> <span class='ocrx_word' id='word_1_705' title='bbox 796 5164 871 5210; x_wconf 86' lang='lat' dir='ltr'><strong>cerr.</strong></span> <span class='ocrx_word' id='word_1_706' title='bbox 888 5156 912 5229; x_wconf 79' lang='lat' dir='ltr'><strong>t.</strong></span> <span class='ocrx_word' id='word_1_707' title='bbox 952 5152 999 5189; x_wconf 82' lang='lat'><strong>¹⁸⁸⁴</strong></span> <span class='ocrx_word' id='word_1_708' title='bbox 1012 5170 1160 5229; x_wconf 70' lang='lat' dir='ltr'><strong>superer.</strong></span> <span class='ocrx_word' id='word_1_709' title='bbox 1176 5165 1201 5215; x_wconf 94' lang='grc'><strong>1.</strong></span> 
     </span>
    </p>
   </div>
   <div class='ocr_carea' id='block_1_5' title="bbox 879 5239 995 5301">
    <p class='ocr_par' dir='ltr' id='par_1_7' title="bbox 879 5239 995 5301">
     <span class='ocr_line' id='line_1_58' title="bbox 879 5239 995 5301; baseline 0.026 -3"><span class='ocrx_word' id='word_1_710' title='bbox 879 5239 995 5301; x_wconf 80' lang='lat' dir='ltr'><strong>NOTAE.</strong></span> 
     </span>
    </p>
   </div>
   <div class='ocr_carea' id='block_1_6' title="bbox 122 5322 1785 5406">
    <p class='ocr_par' dir='ltr' id='par_1_8' title="bbox 122 5322 1785 5406">
     <span class='ocr_line' id='line_1_59' title="bbox 122 5322 1785 5406; baseline 0.011 -30"><span class='ocrx_word' id='word_1_711' title='bbox 122 5322 196 5394; x_wconf 77' lang='grc'><strong>(188)</strong></span> <span class='ocrx_word' id='word_1_712' title='bbox 223 5323 263 5379; x_wconf 82' lang='lat' dir='ltr'><strong>tf.</strong></span> <span class='ocrx_word' id='word_1_713' title='bbox 291 5324 385 5398; x_wconf 81' lang='lat' dir='ltr'><strong>sybel.</strong></span> <span class='ocrx_word' id='word_1_714' title='bbox 412 5325 514 5383; x_wconf 84' lang='lat' dir='ltr'><strong>Gescb.</strong></span> <span class='ocrx_word' id='word_1_715' title='bbox 546 5326 574 5382; x_wconf 92' lang='lat' dir='ltr'><strong>d.</strong></span> <span class='ocrx_word' id='word_1_716' title='bbox 600 5328 699 5383; x_wconf 89' lang='lat' dir='ltr'><strong>ersten</strong></span> <span class='ocrx_word' id='word_1_717' title='bbox 724 5327 910 5400; x_wconf 64' lang='lat' dir='ltr'><strong>meuzzuges</strong></span> <span class='ocrx_word' id='word_1_718' title='bbox 964 5333 1036 5388; x_wconf 78' lang='lat' dir='ltr'><strong>auu.</strong></span> <span class='ocrx_word' id='word_1_719' title='bbox 1055 5333 1082 5389; x_wconf 89' lang='lat' dir='ltr'><strong>S.</strong></span> <span class='ocrx_word' id='word_1_720' title='bbox 1098 5332 1277 5406; x_wconf 79' lang='lat' dir='ltr'><strong>bysibodia.</strong></span> <span class='ocrx_word' id='word_1_721' title='bbox 1301 5333 1785 5404; x_wconf 81' lang='lat' dir='ltr'><strong>tluo;Eldrebsrdosreroomuia</strong></span> 
     </span>
    </p>
   </div>
   <div class='ocr_carea' id='block_1_7' title="bbox 86 5394 1786 5537">
    <p class='ocr_par' dir='ltr' id='par_1_9' title="bbox 86 5394 1786 5537">
     <span class='ocr_line' id='line_1_60' title="bbox 86 5394 1786 5537; baseline 0.009 -89"><span class='ocrx_word' id='word_1_722' title='bbox 86 5394 557 5523; x_wconf 42' lang='lat' dir='ltr'><strong>iargireellillulfflecri?kkehaPdi</strong></span> <span class='ocrx_word' id='word_1_723' title='bbox 579 5398 776 5458; x_wconf 88' lang='lat' dir='ltr'><strong>narrationem</strong></span> <span class='ocrx_word' id='word_1_724' title='bbox 802 5400 909 5475; x_wconf 88' lang='lat' dir='ltr'><strong>ubique</strong></span> <span class='ocrx_word' id='word_1_725' title='bbox 963 5402 1255 5537; x_wconf 44' lang='lat' dir='ltr'><strong>1illinesquefideliler</strong></span> <span class='ocrx_word' id='word_1_726' title='bbox 1268 5403 1507 5468; x_wconf 68' lang='lat' dir='ltr'><strong>emerammi.</strong></span> <span class='ocrx_word' id='word_1_727' title='bbox 1523 5409 1587 5484; x_wconf 83' lang='grc'><strong>171,</strong></span> <span class='ocrx_word' id='word_1_728' title='bbox 1601 5420 1642 5468; x_wconf 87' lang='lat' dir='ltr'><strong>ex</strong></span> <span class='ocrx_word' id='word_1_729' title='bbox 1654 5407 1786 5472; x_wconf 75' lang='lat' dir='ltr'><strong>baereti-</strong></span> 
     </span>
    </p>
   </div>
   <div class='ocr_carea' id='block_1_8' title="bbox 122 5535 908 5620">
    <p class='ocr_par' dir='ltr' id='par_1_10' title="bbox 122 5535 908 5620">
     <span class='ocr_line' id='line_1_61' title="bbox 122 5535 908 5620; baseline 0.011 -25"><span class='ocrx_word' id='word_1_730' title='bbox 122 5536 197 5620; x_wconf 77' lang='grc'><strong>(111)</strong></span> <span class='ocrx_word' id='word_1_731' title='bbox 220 5535 249 5598; x_wconf 85' lang='lat' dir='ltr'><strong>V.</strong></span> <span class='ocrx_word' id='word_1_732' title='bbox 275 5535 348 5593; x_wconf 88' lang='lat' dir='ltr'><strong>bunc</strong></span> <span class='ocrx_word' id='word_1_733' title='bbox 370 5536 428 5611; x_wconf 87' lang='lat' dir='ltr'><strong>jam</strong></span> <span class='ocrx_word' id='word_1_734' title='bbox 453 5551 540 5611; x_wconf 79' lang='lat' dir='ltr'><strong>supra</strong></span> <span class='ocrx_word' id='word_1_735' title='bbox 564 5542 624 5602; x_wconf 80' lang='lat' dir='ltr'><strong>uei.</strong></span> <span class='ocrx_word' id='word_1_736' title='bbox 649 5541 712 5619; x_wconf 75' lang='grc'><strong>118,</strong></span> <span class='ocrx_word' id='word_1_737' title='bbox 737 5537 856 5606; x_wconf 81' lang='lat' dir='ltr'><strong>odotem</strong></span> <span class='ocrx_word' id='word_1_738' title='bbox 879 5541 908 5606; x_wconf 90' lang='lat' dir='ltr'><strong>iu</strong></span> 
     </span>
    </p>
   </div>
   <div class='ocr_carea' id='block_1_9' title="bbox 0 0 1898 6000">
    <p class='ocr_par' dir='ltr' id='par_1_11' title="bbox 0 0 1898 6000">
     <span class='ocr_line' id='line_1_62' title="bbox 0 0 1898 6000; baseline 0 10"><span class='ocrx_word' id='word_1_739' title='bbox 0 0 1898 6000; x_wconf 95' lang='lat' dir='ltr'><strong> </strong></span> 
     </span>
    </p>
   </div>
  </div>
 </body>
</html>
