3788 5992
96 188 151 254 itii

722 190 972 257 cttltorttcort.
989 193 1121 259 -Ltte
1143 195 1167 258 t.
1202 218 1206 225 ¹

1733 175 1880 268 ιη’

93 325 239 394 potentes,
256 325 333 397 quod
347 325 454 383 habeut
476 327 529 384 abs
544 331 574 382 to
587 325 739 384 victoriosi
755 329 784 383 et
800 327 914 384 miseri·
928 328 957 390 Α
972 327 1057 385 beato
1073 329 1210 386 sanctino
1223 335 1396 387 consecrato
1413 330 1625 390 honorabiliter
1639 339 1667 391 et
1682 334 1792 394 saneti·

67 413 72 420 '
94 411 209 479 cordes,
224 419 311 484 teque
327 420 358 470 ct
373 416 467 472 omnia
482 430 599 487 semper
614 417 770 472 habebunt.

127 500 400 572 llaetanossequnti
412 518 513 560 sunaus
526 503 677 561 [lominum
690 503 774 575 quasi
791 518 842 575 per
858 509 916 559 ter-

93 587 356 660 ramgradientem,
365 591 576 660 describentes,
587 591 780 664 prontdatum
792 591 913 662 est(tl),

93 679 916 752 sanctumsuumiamulumineodnetisoorporibnspietn·

94 761 130 817 tis
145 767 177 818 et
189 764 397 824 ntiserieordiae
409 783 497 839 opera
510 775 694 826 exercentem
708 768 785 836 :tlol
794 767 915 841 idtjam

92 864 237 908 nuncnos
248 853 364 910 elevare
373 857 585 928 cogitspiritns
598 858 747 912 vivitieans
759 855 915 912 volubilem

91 942 186 994 rotant
198 941 389 1012 scriptnraeet
398 944 552 1015 spirituale
565 945 734 1001 miraculum
749 958 841 1015 penna
852 939 916 998 e'or-

90 1039 180 1095 porra
202 1033 231 1083 et
258 1029 367 1086 visibili
390 1032 541 1088 denotare.
558 1033 568 1102 (
580 1035 644 1091 l'a’to
665 1032 753 1104 narmi.
771 1031 914 1104 tierrici.)

91 1112 200 1170 Beatus
214 1117 290 1172 eninr
307 1119 447 1187 Agerinus
459 1120 583 1191 apostoli
598 1127 775 1191 preceptum
788 1121 814 1174 in
826 1118 915 1175 corde

90 1215 225 1272 servans,
242 1210 273 1260 et
288 1221 377 1276 opere
392 1208 551 1279 complens,
570 1208 694 1264 dicentis
711 1229 717 1263 :
733 1209 808 1265 Sine
826 1209 915 1264 irater·

89 1290 915 1368 missioneorale,inomnidnrqratt'osopt'ie,contigitnt

86 1373 198 1443 jaceret
212 1378 240 1433 in
254 1387 398 1451 tempesto
409 1385 559 1454 cujusdam
572 1385 668 1440 noctis
682 1399 790 1439 memor
804 1381 914 1437 ltontini

91 1461 118 1517 in
133 1471 231 1522 stratu
248 1483 311 1539 sno,
324 1477 353 1526 et
366 1485 397 1527 se
409 1477 523 1527 secreto
536 1473 616 1528 suavi
628 1488 661 1528 ac
673 1472 750 1528 dulci
763 1471 915 1542 voluptate

971 417 1043 472 sime
1058 419 1168 488 abipso
1181 419 1304 474 viroltti
1318 419 1410 488 pridie
1422 421 1516 475 Nonas
1530 419 1708 491 Septembris
1721 427 1790 481 sunt

970 505 1478 575 ordinata,etdiestranslationiset
1494 508 1788 569 revelationiseorum

971 607 1022 675 per
1036 594 1221 650 succedentia
1234 600 1365 666 tempora
1378 595 1561 652 celebritatis
1572 611 1674 655 annuae
1685 603 1730 671 est
1742 601 1791 657 lte·

971 694 1041 736 nore
1056 681 1202 751 insignita.
1216 682 1343 750 Quorum
1360 684 1460 739 merita
1477 685 1511 739 ad
1526 684 1660 755 sepulcra
1674 685 1789 743 illorum

970 768 1127 823 ostendunt
1142 770 1303 838 frequentin
1315 771 1461 826 miracula.
1472 773 1527 827 lt'os
1539 786 1608 841 ergo
1621 773 1722 839 eojam
1736 788 1792 831 me·

971 853 1043 910 liore
1058 856 1100 911 via
1118 861 1264 927 suscepto,
1278 857 1336 925 iam
1353 858 1389 913 nd
1405 859 1525 929 patriam
1543 860 1694 917 solicitatis
1706 864 1790 917 mter-

970 957 1014 998 nte
1027 944 1177 1014 perdocto,
1188 959 1288 1000 secure
1300 946 1335 1000 de
1345 952 1403 1000 tom
1413 947 1542 1015 gloriosa
1556 948 1742 1005 miseratione
1754 949 1790 1005 ad

970 1029 1084 1086 laudern
1100 1032 1149 1086 liei
1165 1036 1193 1087 et
1210 1033 1385 1102 paeconiam
1402 1034 1478 1088 servi
1494 1035 1539 1089 sni
1556 1034 1650 1092 noetis
1663 1036 1790 1099 fideliter

970 1124 1000 1173 et
1014 1118 1117 1174 devota
1139 1120 1303 1175 htnnilitnle
1320 1121 1450 1191 placeret
1465 1121 1677 1190 aliquantolum
1694 1123 1790 1181 decla·

971 1221 1059 1262 tartare.
1076 1208 1204 1277 lienique
1220 1207 1269 1262 ille
1287 1207 1403 1277 placens
1419 1213 1449 1263 et
1464 1208 1616 1265 adlraerens
1632 1213 1689 1266 lieo
1704 1211 1730 1265 in
1747 1225 1790 1266 re·

970 1294 1054 1361 giene
1068 1295 1197 1349 vivorum
1215 1294 1297 1349 nobis
1320 1295 1482 1364 exeznplum
1502 1296 1632 1366 reliquit,
1648 1298 1788 1354 auxilium

971 1381 1111 1452 impendit
1128 1382 1153 1435 in
1173 1382 1289 1451 regione
1316 1389 1507 1449 mortuarum,
1525 1387 1556 1438 nt
1577 1389 1606 1438 ct
1622 1399 1673 1439 nos
1689 1389 1789 1442 nestra

970 1469 1004 1522 ad
1018 1484 1145 1524 nortuum
1156 1469 1278 1538 justitiae
1295 1469 1483 1525 iniotnrentns
1498 1486 1597 1539 opera,
1610 1475 1640 1526 et
1658 1472 1790 1539 dejustis

92 1551 435 1615 meditationibuseastis
447 1561 608 1630 ignescens,
621 1561 714 1631 ipsius
727 1575 840 1630 quoqne
852 1573 916 1614 eor·
971 1557 1109 1627 oporibus
1132 1559 1312 1627 proteramus
1340 1559 1437 1611 verba.
1456 1556 1516 1621 (Fol
1532 1560 1587 1630 lli.)
1605 1559 1712 1614 Orabat
1729 1559 1792 1614 sine

93 1652 172 1708 ports
188 1643 303 1712 pondus
318 1647 440 1716 spiritus
456 1647 577 1704 lenitate
592 1651 737 1705 excedens
748 1666 755 1712 ;
768 1648 956 1734 subdolo-B
972 1644 1196 1710 intermissione,
1215 1651 1245 1701 ut
1261 1643 1394 1715 impleret
1409 1650 1588 1716 praeceptum
1613 1645 1723 1702 Dentini
1750 1646 1793 1702 di·

93 1739 166 1794 uren,
185 1733 263 1799 quod
281 1739 348 1790 ante
366 1735 459 1806 ipsum
484 1736 615 1807 ardebat,
633 1739 792 1793 extinctum
810 1741 867 1803 est,
884 1743 913 1792 et
972 1734 1066 1789 centis
1082 1753 1088 1787 ι
1106 1734 1455 1812 ορονίείεεῃιρενονανθ,
1471 1734 1789 1801 etmoeetcermtcc.

93 1819 234 1874 remansit
250 1823 375 1892 pervigil
392 1839 425 1880 ac
439 1826 563 1895 sobriuS,
576 1841 631 1881 non
645 1826 717 1894 visu,
733 1842 787 1882 nen
800 1826 913 1895 auditu,
971 1835 1048 1885 rvur,
1065 1826 1102 1885 l).
1121 1820 1270 1887 Quomodo
1294 1834 1389 1876 antmn
1414 1836 1468 1876 non
1496 1822 1635 1878 deiciens
1660 1823 1790 1878 orabntl

93 1913 145 1956 non
164 1904 226 1964 ullo
242 1923 381 1968 sensuum
395 1913 690 1983 qninqueearnnlitnn
702 1913 916 1970 obstaculoirn-
972 1909 1042 1975 Quia
1060 1909 1210 1964 llominunt
1227 1911 1336 1964 sanetis
1353 1909 1490 1979 precibus
1506 1910 1673 1979 sanctisque
1696 1909 1791 1980 operi·

94 1992 221 2061 peditus.
241 2000 369 2070 Cumque
384 2006 465 2058 totus
481 2017 590 2071 secum,
603 2007 695 2058 totum
708 2017 738 2059 se
751 2004 808 2058 ileo
819 2007 916 2058 exten·
972 1998 1027 2053 bns
1042 1996 1242 2066 berredieebat,
1262 1997 1504 2066 quemadmodum
1523 1997 1613 2052 David
1628 1998 1664 2054 de
1679 2012 1710 2053 se
1727 1998 1791 2067 ipso

94 2080 434 2150 deret,etanimasom·ta
446 2105 570 2160 corpore
582 2091 662 2160 gravi
676 2105 777 2162 pressa
791 2091 817 2145 in
828 2093 914 2145 ltenm
971 2095 1088 2149 dicebat
1098 2093 1793 2163 :Beneotoomlmmtoominorrrrttemporrsem·

95 2183 122 2224 se
138 2172 321 2241 speculando
337 2175 486 2246 dilataret,
505 2179 681 2234 aseendente
695 2192 729 2234 eo
741 2178 777 2233 ad
789 2193 915 2248 superna
964 2197 1020 2254 per
1036 2183 1104 2239 lotas
1119 2182 1184 2251 ejus
1200 2183 1232 2236 ira
1246 2195 1364 2237 orearteo
1376 2183 1466 2248 (Psoi
1478 2184 1625 2250 suntme).
1639 2183 1672 2235 lit
1684 2182 1789 2237 lobias

96 2273 128 2313 ex
144 2258 305 2332 desiderio,
320 2264 428 2321 tamilla
446 2267 480 2322 ad
496 2281 560 2322 enm
575 2282 699 2338 superna
713 2266 874 2336 descendit,
886 2271 916 2324 et
970 2270 1005 2325 ad
1022 2270 1111 2325 filium
1128 2289 1133 2322 :
1160 2269 1254 2333 omrai,
1279 2269 1384 2339 inquit,
1402 2270 1528 2339 tempere
1552 2269 1671 2325 benedic
1697 2270 1792 2325 Deum

96 2347 252 2405 multitudo
264 2352 434 2420 angelornm
447 2352 621 2424 dontnseJus
632 2355 856 2412 sanctitudinem
868 2370 916 2426 pe·
971 2358 1051 2420 (Tol.
1066 2373 1101 2425 tv,
1116 2360 1171 2424 20),
1185 2363 1213 2411 et
1226 2355 1347 2425 reliqna.
1362 2357 1442 2411 Sient
1458 2356 1533 2410 enim
1551 2355 1633 2411 nrnlis
1647 2357 1790 2426 oporibus

96 2437 222 2492 netravit
236 2442 267 2493 et
282 2439 482 2509 perlustravit.
496 2443 669 2512 lleinlgelrat
682 2443 756 2499 cel'a
769 2444 916 2499 accubita·
971 2444 1055 2500 irdetn
1072 2459 1220 2513 negamus,
1238 2444 1280 2499 sic
1295 2449 1413 2498 econtra
1431 2443 1515 2498 bonis
1527 2443 1667 2512 operibus
1683 2443 1792 2498 astrui·

98 2521 128 2579 lis
140 2530 309 2582 sanctornm
322 2528 490 2597 angelorum
502 2531 721 2600 splendoribus
734 2535 764 2585 et
778 2536 849 2601 qnot
866 2531 916 2585 rni·
970 2547 1033 2588 mus
1045 2550 1052 2592 ;
1065 2539 1093 2587 et
1111 2533 1182 2586 bene
1200 2533 1286 2586 llenm
1302 2537 1376 2596 orat,
1390 2531 1437 2599 qni
1453 2543 1540 2600 prece
1550 2535 1600 2585 ant
1613 2531 1689 2587 bono
1700 2543 1789 2600 opere

97 2611 176 2667 nistri
187 2613 302 2682 gloriae,
317 2619 359 2671 tot
376 2617 483 2673 lumina
499 2618 658 2685 gloriarum
673 2637 680 2685 ;
695 2620 838 2674 canebant
857 2634 917 2688 vtn·
969 2617 1132 2689 proximum
1148 2618 1274 2674 edificat.
1291 2617 1361 2683 Quin
1379 2623 1486 2686 antem,
1503 2617 1577 2673 sieut
1595 2617 1638 2672 illi
1657 2623 1792 2688 pastores

98 2704 916 2775 noscurnconcivieteontnlrernalisue,etinennrralriles
970 2707 1128 2775 evnrtgeliei
1145 2721 1232 2776 supra
1247 2720 1363 2774 gregem
1380 2705 1549 2774 vigilabant,
1564 2706 1601 2761 ita
1616 2706 1670 2762 iste
1686 2708 1793 2764 oratio-

97 2786 149 2843 noo
163 2787 284 2845 deornm
298 2790 428 2860 gloriose
447 2794 474 2847 in
495 2793 605 2850 sanetis
630 2795 775 2849 amatorias
798 2809 917 2851 resona-

101 2873 172 2930 bant.
185 2877 342 2934 llnnriebnt
359 2879 409 2935 ille
424 2894 456 2936 ac
474 2881 647 2950 degustabat
661 2882 834 2938 suavitatem
848 2896 915 2938 vase

101 2960 205 3032 tragilis
216 2967 351 3036 eorporis
363 2969 543 3039 ampliorem,
559 2984 610 3025 nee
623 2984 740 3025 munera
752 2970 801 3025 liei
814 2985 916 3040 snper·

970 2795 1056 2851 nibus
1070 2798 1127 2851 lieo
1142 2795 1273 2864 acceptis
1296 2793 1438 2851 costodiae
1454 2794 1676 2850 commissorum
1702 2794 1792 2851 insta-

971 2884 1029 2952 bat,
1048 2883 1232 2938 ideomernit
1257 2882 1292 2937 ab
1318 2882 1429 2950 angelis
1454 2882 1577 2950 visitari,
1604 2886 1633 2937 et
1658 2882 1790 2940 mortalis

970 2970 1063 3026 adbuc
1080 2970 1143 3026 lnce
1163 2969 1314 3026 celestium
1332 2970 1452 3040 por‘rui.
1472 2971 1504 3024 Et
1520 2970 1595 3024 sieut
1612 2969 1653 3025 illi
1668 2969 1790 3039 gloriam

101 3051 232 3108 undantia
244 3068 315 3110 caro
326 3054 437 3113 inilrma
450 3057 697 3127 cornpreltendere
708 3057 751 3113 vel
765 3058 912 3114 contineo
970 3058 996 3113 in
1012 3058 1136 3114 excelsis
1151 3058 1218 3124 ileo,
1234 3061 1262 3111 et
1280 3071 1377 3126 paeetn
1394 3058 1474 3112 bonte
1490 3056 1652 3112 voluntatis
1669 3057 1790 3113 bomini-

100 3138 217 3210 valebat.
234 3141 914 3214 laudabaturabangeffissnncttsgratianeret

99 3227 294 3287 misericordia
311 3231 338 3286 in
353 3238 472 3288 sanctos
483 3232 545 3300 eins
558 3237 588 3288 et
599 3239 751 3304 respectus
763 3233 790 3287 in
801 3233 914 3289 electos

100 3313 373 3389 illiuscnmqnetot
386 3320 914 3392 gaudiameonspectnepiscopieho·

100 3403 912 3479 reacaelestisexiberet,adproieetrtmsnpplendnntque

99 3492 183 3549 totins
195 3499 304 3550 sancte
315 3495 448 3552 ecelesiae
461 3495 639 3566 praesidium,
653 3502 769 3552 moetos
781 3501 913 3553 anteces-

100 3594 174 3636 sores
184 3596 254 3638 suos
264 3583 419 3654 episcopos
430 3584 567 3653 blancum,
577 3584 734 3650 salvinum,
747 3586 910 3654 Aratorem,

101 3665 142 3722 ille
157 3675 324 3726 sanctorum
339 3676 459 3726 senatus
477 3670 627 3741 revelavit,
645 3687 766 3741 quornm
784 3678 867 3727 erant
884 3673 911 3729 in

102 3768 148 3810 sno
160 3757 283 3826 collegio
298 3758 411 3822 animae,
429 3773 553 3828 conpara
570 3774 639 3815 vero
656 3765 741 3816 terrm
756 3759 867 3816 credita
885 3761 912 3815 in

104 3840 255 3909 ignorantia
271 3845 454 3901 celabantur.
473 3848 538 3902 llaec
555 3860 683 3915 munera,
698 3846 758 3903 haec
773 3853 830 3902 tam
848 3863 913 3918 pre-

105 3928 172 3984 ciosa
189 3932 316 4003 symbola
329 3933 464 3989 caelestes
473 3934 610 3990 concives
621 3934 729 4005 hospiti
742 3950 794 3991 sno
806 3940 836 3990 et
846 3951 914 3992 eon·

105 4015 650 4091 eiviinrnuniicentiareliqnerunt,qui
663 4023 912 4081 rrtnltisantecum

107 4103 178 4160 annis
194 4107 403 4165 virdunensem
417 4108 578 4164 aecclesiam
593 4114 743 4179 rexerunt,
754 4115 782 4166 et
794 4113 914 4182 conjun-

107 4191 139 4246 cti
150 4193 203 4249 lteo
213 4195 362 4265 coniuncti
374 4211 489 4266 quoque
502 4197 580 4252 luere
592 4197 738 4269 sepulcro.
749 4199 839 4267 igitur
849 4206 913 4270 post

107 4279 290 4338 visitationem
303 4287 360 4338 tam
371 4283 544 4353 mirabilem,
557 4299 621 4341 cum
632 4284 680 4341 lux
691 4291 720 4341 ot
732 4287 825 4355 angeli
837 4287 913 4343 eoelo

970 3148 1023 3202 bns
1039 3145 1264 3212 anntmciabant,
1278 3145 1316 3199 itn
1331 3144 1380 3198 isti
1392 3146 1479 3198 Deum
1496 3144 1523 3198 in
1541 3157 1593 3198 suo
1607 3147 1709 3199 saneto
1722 3157 1790 3214 pon-

969 3235 1047 3290 tifice
1058 3232 1270 3303 glorificabant.
1285 3231 1396 3296 Quomo
1409 3232 1435 3285 lo
1451 3232 1538 3286 etiam
1557 3231 1597 3285 illi
1613 3230 1788 3287 adsalutem

969 3321 1066 3379 mnudi
1082 3320 1309 3388 designaverunt
1324 3319 1507 3374 nativitatem
1523 3319 1642 3389 Christi,
1660 3319 1714 3376 ista
1741 3316 1791 3375 isti
1885 3372 1888 3377 .

967 3411 1003 3466 ad
1016 3410 1140 3465 salntem
1151 3408 1292 3464 aeeelesiae
1303 3414 1469 3462 sanctorum
1478 3421 1602 3476 corpora
1612 3412 1789 3462 monstrave-

967 3500 1045 3554 runt.
1063 3497 1154 3567 igitur
1170 3497 1205 3551 ab
1222 3495 1341 3564 angelis,
1356 3495 1390 3549 ab
1407 3494 1560 3550 animabus
1575 3494 1724 3558 sanctina
1742 3506 1793 3549 no-

968 3586 1113 3642 bisetium
1126 3586 1287 3654 incorporo
1299 3582 1423 3637 minimis
1435 3581 1713 3650 decanteturgloria
1726 3580 1788 3650 regi

968 3672 1133 3730 seculorum
1149 3670 1314 3737 immortali,
1328 3668 1477 3737 invisibili,
1491 3669 1540 3738 qni
1554 3674 1599 3724 est
1618 3668 1789 3724 benedictus

968 3762 996 3817 in
1013 3759 1122 3817 secula.
1139 3761 1205 3816 llaec
1221 3759 1255 3814 ad
1272 3758 1393 3826 gloriam
1409 3757 1459 3812 liei
1480 3762 1510 3812 et
1533 3756 1787 3812 commonitionem

968 3849 1147 3906 audientium
1171 3846 1280 3903 dixisse
1308 3845 1441 3915 solliciti,
1470 3844 1537 3901 binc
1566 3846 1721 3901 redeamus
1750 3843 1787 3900 ad

968 3951 1095 3993 causam.

1005 4026 1085 4079 nuno
1101 4026 1150 4078 let
1167 4025 1232 4093 post
1247 4020 1403 4076 transitum
1420 4019 1513 4075 sancti
1539 4017 1653 4074 llartini
1670 4020 1790 4074 sanetus

968 4110 1124 4167 Eutronius
1139 4107 1281 4163 Edoensis
1294 4107 1452 4177 episcopus
1467 4107 1636 4161 Turonioam
1649 4104 1782 4160 sedem...

969 4202 1108 4268 regnante
1120 4195 1277 4261 clothario,
1286 4195 1333 4263 qui
1347 4193 1484 4249 deiunelo
1496 4192 1643 4262 ariberto,
1652 4191 1786 4248 insedem
1830 4182 1834 4195 '

968 4286 1032 4356 ejus
1046 4285 1227 4354 sigebertum
1244 4281 1368 4337 induxit.

108 4369 377 4439 sereeepisseat‚illt
391 4372 439 4441 qni
451 4372 587 4429 cubiculo
599 4372 683 4429 simul
697 4362 954 4442 ineranttantoD
1006 4373 1104 4444 [Gneo.
1120 4373 1197 4439 lun,
1215 4386 1251 4438 tv,
1268 4369 1306 4440 9.]
1320 4368 1520 4425 Tneodebcrto
1544 4365 1634 4436 ῑέῑῑῦΐ
1658 4378 1728 4435 ῐθὶζθ
1751 4362 1786 4421 id

108 4456 211 4511 attoniti
233 4457 375 4514 miraculo
396 4472 469 4530 pene
485 4460 632 4516 exanimes
648 4466 715 4517 sunt
733 4459 837 4517 redditi
853 4467 914 4519 stu·

109 4554 168 4608 pore
177 4543 282 4603 divino.
295 4546 407 4612 Quibus
418 4552 537 4604 sanctus
548 4548 598 4603 ltei
611 4548 769 4604 fortissima
783 4549 915 4621 inerepa-

108 4627 175 4686 tiore
188 4632 348 4702 probibuit,
366 4648 401 4689 ne
416 4632 467 4690 ulli
484 4634 631 4690 bominum
648 4635 709 4692 baec
724 4635 847 4692 dicendo
863 4652 915 4707 pu·

107 4715 466 4791 bliearent,quamdluipse
478 4721 603 4791 inltnjns
614 4722 682 4780 vite
692 4723 915 4795 curriculoper·

106 4810 234 4863 maneret.
244 4807 350 4865 Levata
362 4813 429 4865 sunt
440 4823 511 4879 ergo
522 4815 688 4867 sanctorum
701 4824 824 4881 corpora
842 4825 914 4867 auro

103 4893 195 4951 obrizo
208 4895 397 4966 preciosiora,
407 4899 437 4952 et
448 4897 476 4952 in
487 4896 624 4966 ecclesia,
638 4897 685 4952 nbi
697 4897 795 4953 sedem
808 4898 914 4955 habue-

100 4985 160 5037 rant
174 4983 377 5055 requietionis,
392 4984 485 5041 saneti
512 4984 591 5040 Petri
616 4983 743 5055 apostoli
766 4984 912 5042 nominee

969 4455 1792 4531 supernademigrantellreodebaldoalrlinsejnssoeees·

970 4551 1017 4619 sit,
1035 4547 1118 4603 valde
1134 4546 1252 4617 iniquus
1265 4550 1295 4600 et
1312 4545 1378 4600 mali
1395 4544 1515 4613 ingenii,
1532 4543 1580 4613 qui
1597 4543 1669 4599 obiit
1684 4547 1701 4598 7
1714 4556 1790 4598 anno

969 4637 1049 4705 regni
1067 4636 1122 4690 sui.
1139 4635 1266 4703 Regnum
1282 4632 1346 4702 eins
1361 4632 1526 4689 Clotbarins
1540 4631 1664 4701 aceepit.
1678 4629 1791 4685 childe-

969 4726 1071 4780 bertus
1088 4736 1202 4792 quoqne
1212 4720 1346 4776 Parisios
1355 4719 1428 4776 obiit
1440 4739 1446 4774 :
1458 4724 1488 4774 et
1498 4720 1539 4775 sic
1551 4717 1717 4775 elotbarius
1730 4730 1791 4772 mo·

970 4810 1116 4866 narehiam
1130 4809 1268 4879 optinuit.
1286 4807 1586 4878 (detrectandam.)
1604 4804 1655 4860 llic
1679 4803 1791 4859 clotha-

968 4899 1031 4956 rius
1045 4910 1175 4954 sororem
1191 4910 1272 4953 suam
1290 4897 1434 4952 lesberto
1451 4895 1478 4950 in
1496 4892 1710 4949 matrimonium
1724 4889 1788 4960 jun·

968 4986 1021 5056 xit,
1037 4984 1086 5056 qui
1102 4988 1131 5040 et
1150 4983 1251 5054 genuit
1277 4983 1446 5052 arnoldum,
1464 4978 1611 5037 Arnoldus
1635 4977 1786 5036 druuliam

886 5115 996 5172 NOTAE.

129 5228 184 5299 (tt)
201 5226 351 5300 anlicem
366 5225 481 5297 agerici
492 5225 597 5295 Vitam,
611 5227 774 5284 breviorem
787 5241 872 5284 unam
883 5231 912 5284 et

97 5296 288 5368 antiquiorem
304 5297 393 5366 illam,
406 5296 575 5368 ampliorem
587 5296 708 5354 alteram
720 5311 752 5354 se
769 5300 835 5354 ante
846 5313 914 5354 ocn-

96 5368 287 5426 loslrabnisse
301 5372 451 5425 testantur
467 5366 654 5425 bollandistae
673 5371 737 5425 Aet.
756 5368 802 5425 SS.
821 5369 913 5440 sept,

95 5441 115 5494 t.
132 5440 164 5495 ll.
180 5441 244 5496 222.
263 5438 439 5512 ampliorem
455 5443 589 5496 secutum
604 5451 670 5495 esse
691 5440 849 5510 nugonem,
868 5453 915 5512 pa-

967 5231 1011 5282 tet
1026 5242 1062 5282 ex
1078 5226 1142 5284 loro
1156 5225 1279 5296 quodam
1291 5224 1364 5280 Vitae
1376 5221 1529 5292 brevioris,
1544 5221 1592 5293 qui
1605 5221 1623 5278 l.
1635 5222 1653 5278 l.
1668 5221 1785 5293 legitur.

969 5299 1008 5352 Ex
1023 5298 1078 5355 hoc
1095 5297 1173 5354 ioote
1189 5295 1310 5352 alteram
1328 5292 1405 5348 illam
1422 5292 1515 5348 l'itam
1526 5292 1647 5352 fluxisse
1658 5292 1788 5362 lingonis

969 5368 1137 5425 narratione
1153 5367 1304 5438 probatur.
1320 5365 1350 5421 ll.
