3788 6000
130 202 189 272 aaa
258 161 269 171 ¹
610 208 796 274 nunonis
817 207 991 270 anemis
1012 203 1352 268 rnnvrmnenmsrs
1586 264 1593 285 ,
1773 213 1835 274 ero

131 342 233 400 allecta
245 341 390 413 elegantia
402 341 454 399 sed
471 341 590 413 inpensa
601 342 695 413 gratia
719 341 773 399 boc
797 344 953 398 vocaretur
967 338 995 400 Α
1010 335 1121 408 raritas,
1134 350 1234 394 verum
1241 336 1835 415 ldasmcllipontemeidemcentnlit,mer·

129 430 445 502 agnomine,videlicet
460 430 624 489 lliebardus
639 431 738 487 Gratia
762 429 822 500 bei,
835 429 912 486 sicut
923 432 952 486 et
1008 430 1165 496 cetumque
1177 423 1204 480 in
1221 426 1363 483 suburbio
1379 427 1427 499 qui
1444 428 1537 485 eidem
1553 431 1688 488 coenobio
1715 430 1832 502 adjacet

130 524 249 578 sanetus
259 520 343 578 Odile
355 521 391 578 ab
401 521 529 592 ingenita
541 522 651 593 pietate
663 520 741 591 Pius,
752 525 782 576 et
792 516 953 575 willelmus
1008 514 1342 587 babendnmcenstituit,
1351 515 1500 574 in'murnm
1517 517 1834 578 incircuitumonastc-

131 609 258 681 erigere
275 610 461 668 ferventioris
479 610 622 682 propositi
638 609 729 680 Supra
742 606 841 678 regula
857 607 954 663 dictus
1009 603 1045 658 rii
1061 617 1097 658 ex
1111 616 1163 658 sue
1179 602 1311 658 construi
1328 603 1406 660 lecit.
1430 603 1502 675 (Fel.
1519 605 1585 677 st'.)
1608 607 1784 680 Exactisque
1805 610 1833 665 in

130 704 185 757 est.
207 701 314 757 Eratet
329 701 356 756 iu
372 700 521 771 regalibus
537 699 667 770 negociis
693 695 909 770 pertractandis
924 699 952 752 et
1008 692 1181 763 episcopatu
1192 694 1226 748 36
1240 691 1332 764 annis,
1351 692 1424 749 obiit
1452 693 1540 751 titel.
1564 695 1639 767 llaii,
1669 711 1744 754 anno
1774 698 1830 756 ine.

131 787 499 860 disponendiseensedalis
517 789 582 859 ejrrs
600 786 724 844 domnus
753 785 954 842 Ermenlridus
1008 782 1088 838 bem.
1106 783 1218 838 tottet
1236 781 1622 853 sepultnsestinaeeclesia
1652 801 1737 857 quam
1768 787 1832 859 ipse

131 876 323 935 virdunensis
335 877 476 935 ecelesiae
490 876 657 946 canonicus,
675 875 759 946 cuins
769 876 828 932 vita
837 879 953 931 actuum
1008 871 1183 926 construxit.
1193 870 1296 940 (Gesta
1312 870 1829 947 Viro).litsuccessitinepiseopatn

129 965 196 1022 lnce
213 967 285 1023 satis
302 967 401 1038 seipsa
416 962 801 1022 eonrmendat.Felieiatnne
821 967 953 1036 tempera
1008 959 1192 1031 flambertus,
1211 959 1258 1031 qni
1275 959 1444 1032 sepefatum
1457 965 1569 1033 patrem
1581 977 1637 1019 nen
1651 962 1833 1022 mineriet’le-

132 1054 321 1111 virdunensis
332 1053 484 1124 eecclesiae,
497 1053 587 1109 tantis
604 1053 658 1110 snb
670 1053 954 1124 lleimeneepiscepe
1008 1051 1057 1110 oba
1073 1046 1175 1120 coluit,
1186 1047 1483 1107 immedevotionema
1497 1050 1766 1123 predecessoribus
1779 1053 1833 1110 ini-

132 1142 280 1213 insignitae
295 1142 440 1215 personis,
455 1145 485 1199 ut
503 1157 596 1214 usquo
625 1142 652 1199 in
683 1141 855 1198 hodiernum
878 1140 953 1196 diem
1008 1135 1108 1192 tiatam
1125 1136 1205 1194 etad
1222 1151 1251 1195 se
1267 1152 1361 1210 usqne
1378 1138 1537 1195 derivatam
1554 1139 1832 1212 piabonaevolnnte-

130 1235 248 1287 actuum
265 1231 383 1288 illorum
398 1230 535 1288 claritate
555 1229 754 1303 resplendeat,
776 1245 841 1301 qnae
866 1230 953 1286 etiam
1008 1225 1485 1299 tisallectioneauxit,provexitet
1496 1227 1626 1284 sustulit.
1650 1229 1756 1285 Veram
1775 1218 1840 1286 non'

129 1321 211 1375 tanta
226 1319 277 1390 sit,
295 1325 327 1376 ut
344 1320 422 1377 nulla
438 1319 760 1376 vetustateoblitterari
775 1317 881 1375 valeat.
895 1318 953 1375 Sub
1008 1314 1044 1371 ab
1052 1328 1082 1370 rc
1090 1314 1215 1386 ridetur,
1227 1315 1250 1372 si
1257 1316 1395 1386 eumejns
1404 1312 1571 1385 familiares,
1582 1316 1699 1387 etregni
1707 1316 1831 1387 gloriam

130 1420 165 1464 ee
176 1408 252 1465 enim
266 1408 385 1465 Amicus
401 1407 746 1480 praepositusaecclesiam
763 1410 870 1464 sancte
885 1408 954 1464 cru·
1008 1417 1072 1474 quae
1084 1403 1293 1476 subipsoerat,
1312 1404 1460 1476 miramur,
1472 1403 1832 1476 etiamssquislmperamrts

130 1496 173 1553 cis
188 1497 366 1567 construxit,
382 1496 464 1552 bado
476 1497 654 1569 prepositus
680 1495 842 1553 ecelesiam
859 1494 952 1553 sancti
1008 1491 1181 1549 vitaeexitus
1195 1492 1282 1549 inerit
1309 1493 1484 1549 intueamur.
1513 1493 1596 1565 [ilem
1625 1493 1711 1550 Gens.
1733 1508 1774 1563 ru,
1792 1493 1831 1566 t.]

132 1584 291 1656 Laurentii,
306 1583 953 1657 Ermenlridnsprelectusaecclesiambanetae
1007 1581 1147 1652 Tempore
1163 1581 1261 1652 itaque
1276 1581 1340 1651 eius
1356 1596 1408 1638 rex
1419 1582 1583 1652 Ungrornm
1599 1597 1665 1640 eum
1680 1586 1767 1653 gente
1779 1597 1832 1639 sua

133 1672 227 1728 llario
240 1673 427 1743 llagdaleme,
448 1673 516 1728 etin
540 1688 572 1728 (a
600 1672 805 1729 canonicorum
827 1677 951 1737 turmam
967 1697 994 1757 B
1009 1668 1193 1725 Christianus
1210 1668 1367 1726 lectusest.
1378 1669 1429 1726 Cui
1440 1670 1683 1742 etiamStepbano
1698 1670 1725 1725 in
1738 1671 1834 1742 bapti·

133 1759 314 1830 aggregavit,
328 1761 435 1830 quibes
452 1760 559 1817 vietum
572 1775 608 1816 ex
621 1759 713 1830 regali
737 1759 893 1829 largitione
923 1763 952 1814 ct
1009 1760 1101 1813 smate
1118 1756 1197 1814 dicte
1207 1771 1373 1828 germanam
1386 1773 1466 1814 snam
1482 1773 1602 1815 uxorem
1614 1758 1705 1827 dedit,
1727 1758 1834 1829 etipse

133 1828 827 1920 proeermrntrnditionesuitleienterprovidit;et
838 1861 953 1903 venera·
1008 1857 1083 1900 anno
1099 1845 1234 1915 sequenti
1250 1843 1419 1902 infirmitate
1436 1846 1667 1916 ingravescente,
1681 1846 1746 1916 quia
1768 1852 1832 1902 erat

133 1934 200 1991 bilis
214 1937 375 1994 lliebardus
390 1937 598 1994 monasterinm
625 1940 790 1992 sanctornm
820 1935 897 1992 Petri
924 1941 952 1992 et
1007 1934 1118 2004 absque
1130 1933 1319 2005 tlliis,videns
1333 1935 1399 2006 qnia
1413 1935 1448 1991 ad
1463 1934 1699 2006 regnilastiginm
1714 1934 1833 2006 plurimi

132 2024 213 2081 Pauli
230 2030 260 2080 et
271 2026 346 2080 beati
363 2026 459 2081 l'itoni
476 2025 678 2083 contessorisa
692 2024 954 2081 fundamentiserc-
1008 2021 1097 2079 duces
1112 2028 1141 2079 et
1152 2023 1464 2096 cemitesaspirebant,
1490 2023 1580 2093 elegit
1597 2024 1760 2080 conradum
1781 2022 1834 2078 ali·

132 2117 209 2168 ctum
223 2115 304 2168 tanta
321 2113 348 2169 in
367 2118 515 2185 posterum
532 2113 750 2185 possessionum
767 2116 795 2169 et
805 2111 954 2182 religionis
1009 2111 1124 2181 quande
1141 2111 1196 2168 sibi
1210 2119 1390 2184 suspectum,
1411 2112 1462 2170 sed
1491 2115 1652 2182 strenuum,
1675 2111 1724 2182 qui
1753 2113 1833 2168 Ceno

134 2199 415 2271 deteditavit,tanta
430 2201 714 2273 reliqnasaecclesias
725 2201 861 2258 claritate
872 2200 953 2257 dota·
1009 2197 1173 2271 dicebatur,
1185 2199 1266 2256 etsie
1277 2214 1342 2257 cnm
1353 2200 1447 2271 gloria
1464 2200 1536 2256 obiit
1558 2201 1729 2257 monarches
1748 2214 1834 2257 cesar

133 2288 185 2358 vit,
203 2295 234 2344 ut
251 2290 356 2347 merite
368 2295 450 2363 pater
461 2291 543 2348 urbis
554 2290 602 2347 lux
614 2290 727 2362 patrie,
744 2289 833 2346 decus
853 2287 954 2346 aeccle-
1008 2293 1179 2357 angustast
1195 2288 1264 2346 ldus
1276 2288 1355 2361 iulii,
1372 2303 1406 2346 ce
1421 2288 1560 2346 videlicet
1576 2303 1652 2345 anno
1672 2302 1729 2358 uuo
1745 2303 1832 2362 supe·

133 2377 183 2432 sie
199 2377 537 2436 debeatneminari.llite
549 2379 695 2449 enimeJus
707 2376 849 2435 mirabilis
864 2377 953 2434 vitam
1010 2376 1304 2433 riusannotatumest
1314 2377 1483 2449 episcopum
1491 2375 1786 2433 lleimenemobiisse.
1796 2380 1833 2433 tt

19 2460 25 2467 '
135 2465 954 2537 nrnltorummirabilemreddidit;cenversatioejusspe-
1009 2465 1834 2538 verestepbanusUngrorumrex,irnminentevecatienis

134 2554 253 2612 stabilis
270 2555 371 2627 plnres
382 2553 453 2610 alies
464 2554 642 2625 spectabiles
660 2552 888 2625 boniseperibns
914 2555 955 2610 in·
1010 2554 1252 2626 snaetemporead
1269 2554 1401 2612 coelestia
1414 2558 1648 2624 evocatus,nunc
1661 2553 1831 2611 inaeeclesia

134 2643 241 2699 stituit.
1011 2655 1066 2712 gna
1084 2643 1242 2714 requiescit
1256 2644 1403 2714 bumatns,
1424 2642 1829 2714 miraculiselaretegregius.

170 2735 212 2787 td.
227 2730 281 2787 Sed
298 2744 352 2786 nec
364 2731 426 2803 ipse
441 2730 565 2788 domnus
580 2731 701 2787 Heimoa
720 2731 802 2788 burris
815 2731 954 2803 operibus
1010 2730 1151 2801 Regnavit
1168 2735 1264 2788 autem
1273 2731 1424 2788 lleinriens
1440 2746 1465 2787 a.
1485 2734 1529 2800 at,
1547 2747 1583 2787 m.
1601 2734 1627 2802 e,
1642 2736 1672 2787 et
1684 2732 1835 2790 Conrados

135 2823 284 2876 vacantem
301 2819 426 2876 animum
441 2819 579 2890 praebuit,
595 2819 662 2890 quin
679 2820 778 2892 petius
792 2819 953 2877 aecclesiam
1010 2819 1154 2875 suecessit
1165 2819 1287 2877 Othonis
1303 2821 1353 2876 lll.
1370 2820 1448 2877 illius
1463 2819 1508 2890 ²⁰⁷,
1526 2819 1574 2890 qui
1588 2820 1701 2891 aceepit
1712 2834 1831 2877 uxerem

134 2907 225 2964 saneti
241 2907 379 2964 Jelrannis
390 2908 418 2963 in
435 2908 728 2979 prospectueirltatis
744 2908 877 2978 sitem,in
899 2922 954 2979 qna
1010 2906 1129 2978 Gislam,
1146 2909 1261 2965 Rodulil
1273 2909 1350 2979 regis
1367 2909 1539 2979 burgundiae
1555 2923 1694 2978 sororem,
1706 2909 1831 2965 conradi

134 2996 227 3053 saneti
243 2997 429 3053 consessores
446 2997 571 3066 Marinus,
588 2994 732 3067 salvinus,
755 3000 860 3053 Areten
877 2997 955 3068 quie·
986 3055 992 3074 1
1009 2995 1403 3067 etblatbildisilliam,deqna
1416 2997 1515 3066 gennit
1527 2996 1832 3061 tertinmlleinrieum,

133 3090 229 3155 scunt,
247 3085 428 3142 melioratam
441 3084 629 3154 restauravit,
641 3088 671 3141 et
681 3084 748 3140 inea
757 3085 955 3155 congregatio
970 3052 993 3113 (¹
1010 3082 1060 3153 qni
1075 3084 1272 3141 venerabilem
1289 3084 1463 3141 ltiebardnm
1475 3085 1609 3141 abbatem
1630 3084 1706 3140 inter
1722 3086 1834 3157 primes

134 3189 198 3230 nem
221 3174 486 3231 sanctimonialium
514 3173 568 3228 sub
580 3172 774 3243 dispositione
797 3173 889 3244 patris
908 3174 954 3229 lli·
1010 3171 1110 3242 palatii
1127 3171 1237 3230 babuit.
1257 3173 1338 3245 [lare.
1352 3172 1444 3245 111,2.]
1457 3174 1553 3239 Quoia
1572 3174 1834 3245 tempererebella·

133 3262 233 3318 ebardi
256 3259 953 3331 regulariterriventinminstituit‚etmatremeis
1009 3264 1114 3316 verunt
1129 3266 1230 3318 eontra
1251 3262 1410 3319 liebertum
1435 3264 1608 3319 Francorum
1630 3277 1728 3333 regem
1759 3263 1832 3334 Ode,

132 3345 851 3418 eonsilieeJusdempreviditlldelbergemfidelem
875 3348 955 3404 Chri·
1008 3348 1126 3405 'lebaldi
1140 3349 1253 3407 fallacis
1270 3350 1356 3419 illins,
1369 3355 1398 3407 et
1412 3350 1584 3421 Willelmns,
1602 3350 1730 3408 lleinrici
1747 3351 1832 3408 ducis

53 3434 60 3447 '
133 3434 955 3507 strramulam,quaeeeguominabatortvn,eujusmeme-
1009 3436 1834 3512 privignas,iaventeetbrunonelinguonensiepiseepo

134 3524 358 3580 riaestaeterna.
376 3524 524 3580 llaeccnim
544 3522 696 3596 relutapis
717 3523 953 3595 prudentissima,
1009 3525 1132 3595 euiusin
1150 3527 1335 3584 matrimonio
1351 3527 1474 3584 babebat
1490 3542 1632 3598 sororem,
1647 3528 1834 3585 etbandrice

133 3611 284 3683 patrissui
308 3609 804 3682 lormamimitetacumobncliboni
826 3611 956 3668 devotio·
1010 3612 1181 3671 Nivernensi
1193 3615 1309 3672 comite.
1327 3615 1485 3673 ltainaldns
1499 3629 1569 3673 rere
1593 3630 1692 3672 comes
1718 3617 1832 3688 praelati

132 3713 197 3755 nem
213 3703 242 3755 et
260 3698 765 3769 ildeimagnanimitatemservorum
786 3700 837 3757 bei
850 3699 956 3758 lustra·
1010 3700 1232 3759 lllillelmilllins
1247 3717 1378 3760 sororem
1392 3703 1529 3760 llicbardi
1545 3705 1836 3763 Narmannorumdu·

135 3792 178 3844 ret
192 3788 334 3858 coenebia,
346 3793 378 3843 nt
390 3787 425 3843 ad
442 3802 543 3844 eorum
564 3787 755 3845 imitationem
775 3787 956 3855 emularetur
1011 3788 1262 3847 cisltdbelleidam
1275 3791 1357 3848 duxit
1369 3807 1500 3849 exorem.
1513 3790 1713 3859 Quivldelicet
1724 3792 1836 3849 Willel-

133 3875 289 3932 berismata
305 3874 435 3945 meliora,
453 3874 731 3948 Cluniecumivit,et
743 3877 955 3936 vircbeibeato
1011 3891 1086 3949 mus,
1105 3877 1175 3935 licet
1190 3878 1312 3951 advena,
1330 3880 1473 3938 intantum
1490 3880 1639 3938 convaluit
1662 3880 1776 3937 divitiis
1805 3886 1833 3936 et

133 3963 248 4021 Odileni
263 3962 665 4039 advenissenunciata,cujns
685 3966 957 4040 animumipsapos·
1011 3965 1129 4038 milicia,
1148 3971 1179 4023 nt
1194 3967 1445 4026 noninveniretur
1469 3969 1496 4026 ei
1513 3968 1661 4027 secundus
1673 3969 1701 4025 in
1727 3969 1832 4040 patria.

133 4052 368 4125 sidebatpietas,
384 4067 450 4110 cum
459 4052 677 4126 grandielsectu
693 4060 892 4128 susceptaest.
901 4055 954 4112 Ubi
1012 4054 1062 4110 Cui
1079 4058 1174 4112 tamen
1188 4054 1343 4129 plurimum
1360 4058 1472 4114 restitit
1496 4061 1578 4130 lluge
1599 4058 1836 4115 Autissiodoren-

132 4155 297 4212 quanquam
307 4156 378 4198 usus
392 4141 535 4200 eeclesiae
549 4146 640 4214 esset,
650 4147 680 4200 et
696 4157 749 4216 pre
765 4142 956 4216 legebebere·
969 4193 997 4256 D
1011 4141 1061 4212 sis,
1079 4142 1128 4213 gui
1144 4143 1311 4202 abbicomes
1324 4145 1422 4203 dietus
1438 4151 1494 4217 est,
1506 4146 1836 4217 euinseegnatamcen-

131 4234 190 4301 tur,
204 4233 236 4286 nt
251 4229 381 4288 claustra
399 4231 636 4288 monasteriinen
649 4230 776 4290 calcaret
790 4247 841 4306 pes
856 4231 957 4290 mulie·
1012 4231 1150 4288 stantiam
1166 4232 1314 4290 liebertus
1330 4233 1456 4291 babebat
1469 4249 1600 4292 uxorem.

133 4317 203 4388 bris,
216 4317 278 4391 ipsa
295 4333 347 4390 pre
363 4333 413 4377 sue
425 4319 566 4390 religiene
581 4324 611 4376 et
628 4321 722 4392 patris
747 4320 955 4379 Richardicum
1048 4319 1128 4391 [lere.
1149 4335 1185 4391 rr,
1203 4321 1241 4394 1.]
1257 4327 1302 4378 17.
1314 4321 1407 4393 lgitur
1414 4326 1481 4395 post
1490 4322 1678 4381 benedictum
1686 4338 1790 4396 papam
1807 4339 1833 4381 a.

133 4404 371 4463 sanetoOdilene
386 4406 511 4464 indivisa
524 4407 667 4465 dualitate
681 4424 737 4467 nen
758 4409 850 4468 solnm
879 4410 957 4466 elan·
1011 4412 1081 4466 1023
1098 4410 1188 4466 trater
1202 4409 1266 4479 ejas
1280 4410 1427 4468 lebannes
1461 4411 1616 4483 largitione
1637 4411 1769 4483 pecunie
1799 4426 1835 4469 ex

132 4497 226 4550 strum
243 4494 375 4567 intravit,
392 4510 493 4552 verum
509 4495 957 4570 etiamcapitulisecietatemin-
1011 4496 1106 4555 laicali
1118 4497 1222 4555 ordine
1237 4498 1401 4572 neophytus
1413 4500 1566 4558 ordinatus
1579 4505 1634 4558 est.
1657 4503 1749 4571 boue
1769 4516 1835 4559 cunr

132 4582 232 4655 depta,
244 4588 274 4639 et
290 4583 535 4641 bominicodioad
544 4586 762 4656 processionem
778 4601 843 4643 cnm
861 4586 957 4641 tratri·
1011 4586 1186 4658 requisisset
1201 4588 1545 4661 constantinopolitanus
1565 4589 1702 4661 antistes,
1726 4597 1758 4647 nt
1784 4605 1835 4653 sua

133 4669 186 4728 bus
198 4676 335 4743 suscepta
354 4676 409 4742 ost,
427 4673 503 4743 qrred
520 4688 612 4744 usqne
629 4674 716 4730 bodie
733 4673 760 4729 in
780 4672 881 4731 eedem
899 4688 957 4730 mo·
1011 4674 1145 4733 ecelesia
1157 4676 1234 4733 sient
1249 4676 1602 4736 etllemaaaunirerselis
1630 4677 1791 4749 diceretur,
1807 4681 1836 4733 et

132 4758 260 4814 nasterio
272 4763 422 4830 permanet
440 4759 617 4816 memoriale.
632 4759 696 4829 Egit
709 4761 763 4816 bec
783 4761 860 4816 beati
890 4759 957 4816 Odi·
1012 4763 1168 4821 donisennr
1180 4765 1386 4836 Romanosque
1402 4765 1451 4837 qni
1468 4767 1558 4823 curiae
1583 4771 1730 4838 preerant
1755 4766 1838 4822 innu-

131 4844 206 4904 lonis
222 4862 291 4918 erga
309 4847 399 4904 filium
415 4848 598 4905 carissimum
620 4851 648 4904 et
669 4848 845 4904 confratrem
872 4848 957 4905 devo·
1012 4852 1838 4926 merisflecteret,itautelenculetemptercntconcedere

132 4935 277 4993 tissimum
300 4937 424 4994 allectus
444 4937 628 5009 propensior,
655 4936 777 4994 dileetio
798 4938 954 5010 prolusier,
1011 4941 1089 5012 quod
1120 4941 1288 5012 rogabatur,
1315 4942 1408 4998 omnis
1432 4944 1469 5000 ob
1490 4944 1545 5000 boe
1574 4941 1838 4999 uehementissime

130 5024 240 5080 caritas
255 5024 291 5081 de
303 5024 353 5082 ille
371 5027 449 5081 lente
468 5040 614 5096 ennarrans,
633 5025 668 5081 de
686 5041 743 5096 qno
760 5030 848 5084 tante
871 5026 956 5083 nobis
1011 5035 1155 5085 commota
1169 5034 1213 5087 est
1227 5030 1319 5086 ltalia.
1338 5030 1390 5088 Sed
1400 5030 1559 5088 Galliarum
1573 5031 1840 5102 episeopiotabba-

131 5112 863 5184 perfectionisalveusdirivatusestidemvidelicet
874 5119 957 5186 pater
1010 5122 1056 5174 tes
1073 5116 1118 5174 bis
1133 5117 1251 5175 obviare
1262 5118 1358 5175 conati
1376 5123 1455 5189 sunt,
1469 5119 1586 5189 uiridem
1598 5119 1624 5174 in
1639 5133 1836 5190 personasse,

130 5204 243 5271 noster,
260 5201 823 5271 quinobisabeateeodemdonatnsest.
837 5204 955 5260 Sednee
1012 5205 1128 5275 quidam
1146 5219 1213 5261 vere
1224 5204 1332 5264 litteris
1343 5205 1442 5263 missis
1459 5205 1839 5280 sedemapestolicarnvisi·

130 5302 199 5359 erga
215 5289 371 5361 locumqui
387 5291 869 5362 praeeretdemnilleimenisdcluit
885 5291 955 5347 libe·
1011 5296 1117 5364 tentes,
1134 5296 1163 5350 et
1179 5296 1293 5352 tantem
1304 5292 1837 5366 obprobriumetdedecuseuetorita·

810 5404 930 5462 vante
951 5396 1151 5464 lectiones

133 5507 136 5511 ’
164 5489 199 5528 “t
214 5490 246 5549 0.
263 5491 311 5565 lll,
328 5491 347 5549 t.
363 5492 398 5552 bt
409 5493 548 5568 moratae
561 5495 678 5554 addim.
