<?xml version="1.0" encoding="UTF-8"?>
<!DOCTYPE html PUBLIC "-//W3C//DTD XHTML 1.0 Transitional//EN"
    "http://www.w3.org/TR/xhtml1/DTD/xhtml1-transitional.dtd">
<html xmlns="http://www.w3.org/1999/xhtml" xml:lang="en" lang="en">
 <head>
  <title>
</title>
<meta http-equiv="Content-Type" content="text/html;charset=utf-8" />
  <meta name='ocr-system' content='tesseract 3.04.00' />
  <meta name='ocr-capabilities' content='ocr_page ocr_carea ocr_par ocr_line ocrx_word'/>
</head>
<body>
  <div class='ocr_page' id='page_1' title='image "./patrologiaecurs34unkngoog/patrologiaecurs34unkngoog_0279.png"; bbox 0 0 3788 6000; ppageno 0'>
   <div class='ocr_carea' id='block_1_1' title="bbox 153 168 1859 238">
    <p class='ocr_par' dir='ltr' id='par_1_1' title="bbox 153 168 1859 238">
     <span class='ocr_line' id='line_1_1' title="bbox 153 168 1859 238; baseline 0.001 -2"><span class='ocrx_word' id='word_1_1' title='bbox 153 173 211 236; x_wconf 77' lang='grc'>511</span> <span class='ocrx_word' id='word_1_2' title='bbox 570 174 575 187; x_wconf 93' lang='grc'><strong>“</strong></span> <span class='ocrx_word' id='word_1_3' title='bbox 728 168 969 234; x_wconf 70' lang='lat' dir='ltr'>enucliatim</span> <span class='ocrx_word' id='word_1_4' title='bbox 991 169 1268 237; x_wconf 77' lang='lat' dir='ltr'>UllaUGlEh&#39;SlS</span> <span class='ocrx_word' id='word_1_5' title='bbox 1803 172 1859 238; x_wconf 81' lang='grc'>518</span> 
     </span>
    </p>
   </div>
   <div class='ocr_carea' id='block_1_2' title="bbox 150 302 1858 1449">
    <p class='ocr_par' dir='ltr' id='par_1_2' title="bbox 153 302 1858 649">
     <span class='ocr_line' id='line_1_2' title="bbox 154 302 1857 380; baseline -0.001 -15"><span class='ocrx_word' id='word_1_6' title='bbox 154 311 269 378; x_wconf 88' lang='lat' dir='ltr'>verunt,</span> <span class='ocrx_word' id='word_1_7' title='bbox 285 310 314 365; x_wconf 91' lang='lat' dir='ltr'>et</span> <span class='ocrx_word' id='word_1_8' title='bbox 332 307 371 364; x_wconf 91' lang='lat' dir='ltr'>ita</span> <span class='ocrx_word' id='word_1_9' title='bbox 390 308 521 378; x_wconf 87' lang='lat' dir='ltr'>potestas</span> <span class='ocrx_word' id='word_1_10' title='bbox 537 303 703 374; x_wconf 79' lang='lat' dir='ltr'>Babylonia</span> <span class='ocrx_word' id='word_1_11' title='bbox 720 305 795 374; x_wconf 90' lang='lat' dir='ltr'>apud</span> <span class='ocrx_word' id='word_1_12' title='bbox 812 305 920 376; x_wconf 91' lang='lat' dir='ltr'>bledos,</span> <span class='ocrx_word' id='word_1_13' title='bbox 933 306 1099 378; x_wconf 77' lang='lat' dir='ltr'>proprietas</span> <span class='ocrx_word' id='word_1_14' title='bbox 1114 322 1185 363; x_wconf 82' lang='lat' dir='ltr'>sero</span> <span class='ocrx_word' id='word_1_15' title='bbox 1200 307 1281 364; x_wconf 72' lang='lat' dir='ltr'>renni</span> <span class='ocrx_word' id='word_1_16' title='bbox 1298 308 1375 380; x_wconf 91' lang='lat' dir='ltr'>apud</span> <span class='ocrx_word' id='word_1_17' title='bbox 1392 302 1536 364; x_wconf 77' lang='lat' dir='ltr'>chaldeos</span> <span class='ocrx_word' id='word_1_18' title='bbox 1551 304 1615 364; x_wconf 86' lang='lat' dir='ltr'>tuit.</span> <span class='ocrx_word' id='word_1_19' title='bbox 1630 305 1754 364; x_wconf 82' lang='lat' dir='ltr'>Chaldei</span> <span class='ocrx_word' id='word_1_20' title='bbox 1765 312 1857 365; x_wconf 86' lang='lat' dir='ltr'>anterii</span> 
     </span>
     <span class='ocr_line' id='line_1_3' title="bbox 155 352 1858 452; baseline 0 -16"><span class='ocrx_word' id='word_1_21' title='bbox 155 382 276 452; x_wconf 82' lang='lat' dir='ltr'>propter</span> <span class='ocrx_word' id='word_1_22' title='bbox 287 380 436 448; x_wconf 90' lang='lat' dir='ltr'>antiquam</span> <span class='ocrx_word' id='word_1_23' title='bbox 450 378 537 447; x_wconf 72' lang='lat' dir='ltr'>rogito</span> <span class='ocrx_word' id='word_1_24' title='bbox 550 377 631 433; x_wconf 86' lang='lat' dir='ltr'>urhis</span> <span class='ocrx_word' id='word_1_25' title='bbox 643 376 824 446; x_wconf 82' lang='lat' dir='ltr'>dignitatem,</span> <span class='ocrx_word' id='word_1_26' title='bbox 839 393 893 432; x_wconf 89' lang='lat' dir='ltr'>noii</span> <span class='ocrx_word' id='word_1_27' title='bbox 907 392 988 434; x_wconf 92' lang='lat' dir='ltr'>snam</span> <span class='ocrx_word' id='word_1_28' title='bbox 1000 378 1182 447; x_wconf 84' lang='lat' dir='ltr'>dignitatem,</span> <span class='ocrx_word' id='word_1_29' title='bbox 1196 352 1248 435; x_wconf 76' lang='lat' dir='ltr'>sed</span> <span class='ocrx_word' id='word_1_30' title='bbox 1258 379 1339 436; x_wconf 91' lang='lat' dir='ltr'>itlius</span> <span class='ocrx_word' id='word_1_31' title='bbox 1350 393 1456 436; x_wconf 89' lang='lat' dir='ltr'>vocare</span> <span class='ocrx_word' id='word_1_32' title='bbox 1466 379 1642 435; x_wconf 90' lang='lat' dir='ltr'>maluerunt.</span> <span class='ocrx_word' id='word_1_33' title='bbox 1656 377 1741 435; x_wconf 83' lang='lat' dir='ltr'>Unde</span> <span class='ocrx_word' id='word_1_34' title='bbox 1755 380 1858 436; x_wconf 85' lang='lat' dir='ltr'>iactura</span> 
     </span>
     <span class='ocr_line' id='line_1_4' title="bbox 154 447 1857 520; baseline 0.001 -13"><span class='ocrx_word' id='word_1_35' title='bbox 154 457 202 508; x_wconf 90' lang='lat' dir='ltr'>cst</span> <span class='ocrx_word' id='word_1_36' title='bbox 218 458 248 507; x_wconf 93' lang='lat' dir='ltr'>ut</span> <span class='ocrx_word' id='word_1_37' title='bbox 266 450 537 506; x_wconf 75' lang='lat' dir='ltr'>Nabuchodonosor</span> <span class='ocrx_word' id='word_1_38' title='bbox 551 447 701 517; x_wconf 90' lang='lat' dir='ltr'>ceterique</span> <span class='ocrx_word' id='word_1_39' title='bbox 717 453 781 517; x_wconf 91' lang='lat' dir='ltr'>post</span> <span class='ocrx_word' id='word_1_40' title='bbox 797 462 862 503; x_wconf 91' lang='lat' dir='ltr'>euiii</span> <span class='ocrx_word' id='word_1_41' title='bbox 878 463 963 517; x_wconf 89' lang='lat' dir='ltr'>reges</span> <span class='ocrx_word' id='word_1_42' title='bbox 978 462 1070 519; x_wconf 88' lang='lat' dir='ltr'>usquc</span> <span class='ocrx_word' id='word_1_43' title='bbox 1085 449 1119 504; x_wconf 92' lang='lat' dir='ltr'>ad</span> <span class='ocrx_word' id='word_1_44' title='bbox 1136 450 1252 505; x_wconf 88' lang='lat' dir='ltr'>barium</span> <span class='ocrx_word' id='word_1_45' title='bbox 1268 457 1297 505; x_wconf 90' lang='lat' dir='ltr'>et</span> <span class='ocrx_word' id='word_1_46' title='bbox 1319 452 1435 520; x_wconf 81' lang='lat' dir='ltr'>Cyrum.</span> <span class='ocrx_word' id='word_1_47' title='bbox 1452 450 1500 520; x_wconf 92' lang='lat' dir='ltr'>qui</span> <span class='ocrx_word' id='word_1_48' title='bbox 1526 448 1722 506; x_wconf 80' lang='lat' dir='ltr'>chaldeorum</span> <span class='ocrx_word' id='word_1_49' title='bbox 1740 462 1857 520; x_wconf 85' lang='lat' dir='ltr'>ragnum</span> 
     </span>
     <span class='ocr_line' id='line_1_5' title="bbox 153 518 1857 647; baseline 0 -70"><span class='ocrx_word' id='word_1_50' title='bbox 153 522 362 647; x_wconf 53' lang='lat' dir='ltr'>e{vitaltemquc</span> <span class='ocrx_word' id='word_1_51' title='bbox 378 519 562 591; x_wconf 79' lang='lat' dir='ltr'>Babyloniam</span> <span class='ocrx_word' id='word_1_52' title='bbox 578 518 797 588; x_wconf 88' lang='lat' dir='ltr'>destruxerunt,</span> <span class='ocrx_word' id='word_1_53' title='bbox 811 521 943 590; x_wconf 88' lang='lat' dir='ltr'>quamvis</span> <span class='ocrx_word' id='word_1_54' title='bbox 958 520 1150 576; x_wconf 78' lang='lat' dir='ltr'>Chaldeorum</span> <span class='ocrx_word' id='word_1_55' title='bbox 1167 520 1280 577; x_wconf 90' lang='lat' dir='ltr'>viribus</span> <span class='ocrx_word' id='word_1_56' title='bbox 1296 527 1442 593; x_wconf 89' lang='lat' dir='ltr'>potentes,</span> <span class='ocrx_word' id='word_1_57' title='bbox 1456 521 1571 576; x_wconf 87' lang='lat' dir='ltr'>nomine</span> <span class='ocrx_word' id='word_1_58' title='bbox 1583 524 1681 576; x_wconf 89' lang='lat' dir='ltr'>tamea</span> <span class='ocrx_word' id='word_1_59' title='bbox 1694 520 1857 591; x_wconf 80' lang='lat' dir='ltr'>Babylonia</span> 
     </span>
     <span class='ocr_line' id='line_1_6' title="bbox 153 599 384 649; baseline -0.009 0"><span class='ocrx_word' id='word_1_60' title='bbox 153 608 224 649; x_wconf 89' lang='lat' dir='ltr'>cari</span> <span class='ocrx_word' id='word_1_61' title='bbox 250 599 384 647; x_wconf 73' lang='lat' dir='ltr'>ceantur.</span> 
     </span>
    </p>

    <p class='ocr_par' dir='ltr' id='par_1_3' title="bbox 154 634 1858 945">
     <span class='ocr_line' id='line_1_7' title="bbox 190 634 1855 733; baseline -0.001 -16"><span class='ocrx_word' id='word_1_62' title='bbox 190 634 317 719; x_wconf 51' lang='lat' dir='ltr'>acedia</span> <span class='ocrx_word' id='word_1_63' title='bbox 330 663 385 719; x_wconf 83' lang='lat' dir='ltr'>cio.</span> <span class='ocrx_word' id='word_1_64' title='bbox 400 676 477 729; x_wconf 83' lang='lat' dir='ltr'>xviii,</span> <span class='ocrx_word' id='word_1_65' title='bbox 490 676 514 717; x_wconf 90' lang='lat' dir='ltr'>o.</span> <span class='ocrx_word' id='word_1_66' title='bbox 529 660 585 728; x_wconf 75' lang='lat' dir='ltr'>aa.)</span> <span class='ocrx_word' id='word_1_67' title='bbox 598 659 648 714; x_wconf 91' lang='lat' dir='ltr'>llis</span> <span class='ocrx_word' id='word_1_68' title='bbox 663 660 757 716; x_wconf 89' lang='lat' dir='ltr'>adbuc</span> <span class='ocrx_word' id='word_1_69' title='bbox 775 660 956 731; x_wconf 74' lang='lat' dir='ltr'>temporibus</span> <span class='ocrx_word' id='word_1_70' title='bbox 969 658 1012 717; x_wconf 92' lang='lat' dir='ltr'>illi</span> <span class='ocrx_word' id='word_1_71' title='bbox 1024 665 1144 733; x_wconf 89' lang='lat' dir='ltr'>septem,</span> <span class='ocrx_word' id='word_1_72' title='bbox 1159 677 1232 732; x_wconf 92' lang='lat' dir='ltr'>quos</span> <span class='ocrx_word' id='word_1_73' title='bbox 1244 663 1404 732; x_wconf 68' lang='lat' dir='ltr'>autumnitas</span> <span class='ocrx_word' id='word_1_74' title='bbox 1415 662 1563 733; x_wconf 90' lang='lat' dir='ltr'>sapientes</span> <span class='ocrx_word' id='word_1_75' title='bbox 1572 661 1717 732; x_wconf 83' lang='lat' dir='ltr'>jactabat,</span> <span class='ocrx_word' id='word_1_76' title='bbox 1731 659 1855 732; x_wconf 84' lang='lat' dir='ltr'>luerunt,</span> 
     </span>
     <span class='ocr_line' id='line_1_8' title="bbox 155 730 1858 805; baseline -0.001 -16"><span class='ocrx_word' id='word_1_77' title='bbox 155 734 203 805; x_wconf 89' lang='lat' dir='ltr'>qui</span> <span class='ocrx_word' id='word_1_78' title='bbox 223 733 360 789; x_wconf 90' lang='lat' dir='ltr'>nonnulla</span> <span class='ocrx_word' id='word_1_79' title='bbox 379 732 494 802; x_wconf 89' lang='lat' dir='ltr'>quidem</span> <span class='ocrx_word' id='word_1_80' title='bbox 511 730 677 785; x_wconf 88' lang='lat' dir='ltr'>honestiora</span> <span class='ocrx_word' id='word_1_81' title='bbox 690 746 800 786; x_wconf 89' lang='lat' dir='ltr'>morum</span> <span class='ocrx_word' id='word_1_82' title='bbox 815 738 953 803; x_wconf 89' lang='lat' dir='ltr'>precepta</span> <span class='ocrx_word' id='word_1_83' title='bbox 964 733 1108 788; x_wconf 89' lang='lat' dir='ltr'>brevitate</span> <span class='ocrx_word' id='word_1_84' title='bbox 1120 734 1332 789; x_wconf 87' lang='lat' dir='ltr'>sententiarum</span> <span class='ocrx_word' id='word_1_85' title='bbox 1344 733 1488 804; x_wconf 82' lang='lat' dir='ltr'>complexi</span> <span class='ocrx_word' id='word_1_86' title='bbox 1500 737 1578 802; x_wconf 91' lang='lat' dir='ltr'>suut,</span> <span class='ocrx_word' id='word_1_87' title='bbox 1592 731 1793 788; x_wconf 88' lang='lat' dir='ltr'>nichilautem</span> <span class='ocrx_word' id='word_1_88' title='bbox 1804 746 1858 788; x_wconf 88' lang='lat' dir='ltr'>mo-</span> 
     </span>
     <span class='ocr_line' id='line_1_9' title="bbox 155 800 1857 928; baseline 0 -68"><span class='ocrx_word' id='word_1_89' title='bbox 155 806 349 860; x_wconf 87' lang='lat' dir='ltr'>nimentorum</span> <span class='ocrx_word' id='word_1_90' title='bbox 367 803 443 874; x_wconf 91' lang='lat' dir='ltr'>quod</span> <span class='ocrx_word' id='word_1_91' title='bbox 461 802 496 857; x_wconf 95' lang='lat' dir='ltr'>ad</span> <span class='ocrx_word' id='word_1_92' title='bbox 513 801 629 882; x_wconf 82' lang='lat' dir='ltr'>litteras</span> <span class='ocrx_word' id='word_1_93' title='bbox 645 800 749 881; x_wconf 75' lang='lat' dir='ltr'>attinet</span> <span class='ocrx_word' id='word_1_94' title='bbox 766 802 892 873; x_wconf 87' lang='lat' dir='ltr'>posteris</span> <span class='ocrx_word' id='word_1_95' title='bbox 907 803 1101 874; x_wconf 89' lang='lat' dir='ltr'>reliquerunt,</span> <span class='ocrx_word' id='word_1_96' title='bbox 1113 803 1169 859; x_wconf 91' lang='lat' dir='ltr'>nisi</span> <span class='ocrx_word' id='word_1_97' title='bbox 1182 805 1257 928; x_wconf 60' lang='lat' dir='ltr'>quod</span> <span class='ocrx_word' id='word_1_98' title='bbox 1275 803 1360 861; x_wconf 87' lang='lat' dir='ltr'>Solon</span> <span class='ocrx_word' id='word_1_99' title='bbox 1377 803 1517 875; x_wconf 91' lang='lat' dir='ltr'>quasdam</span> <span class='ocrx_word' id='word_1_100' title='bbox 1533 803 1614 874; x_wconf 86' lang='lat' dir='ltr'>leges</span> <span class='ocrx_word' id='word_1_101' title='bbox 1631 802 1857 860; x_wconf 79' lang='lat' dir='ltr'>Atheniensibus</span> 
     </span>
     <span class='ocr_line' id='line_1_10' title="bbox 154 870 1286 945; baseline -0.001 -14"><span class='ocrx_word' id='word_1_102' title='bbox 154 876 245 941; x_wconf 90' lang='lat' dir='ltr'>dedit,</span> <span class='ocrx_word' id='word_1_103' title='bbox 262 875 365 930; x_wconf 90' lang='lat' dir='ltr'>Thales</span> <span class='ocrx_word' id='word_1_104' title='bbox 380 889 450 930; x_wconf 89' lang='lat' dir='ltr'>vero</span> <span class='ocrx_word' id='word_1_105' title='bbox 487 873 601 943; x_wconf 74' lang='lat' dir='ltr'>hysicus</span> <span class='ocrx_word' id='word_1_106' title='bbox 618 870 670 926; x_wconf 91' lang='lat' dir='ltr'>luit</span> <span class='ocrx_word' id='word_1_107' title='bbox 686 877 715 926; x_wconf 91' lang='lat' dir='ltr'>et</span> <span class='ocrx_word' id='word_1_108' title='bbox 733 887 851 927; x_wconf 90' lang='lat' dir='ltr'>suorum</span> <span class='ocrx_word' id='word_1_109' title='bbox 866 872 1033 943; x_wconf 83' lang='lat' dir='ltr'>dogmatum</span> <span class='ocrx_word' id='word_1_110' title='bbox 1048 873 1141 931; x_wconf 89' lang='lat' dir='ltr'>libros</span> <span class='ocrx_word' id='word_1_111' title='bbox 1156 890 1187 930; x_wconf 92' lang='lat' dir='ltr'>rc</span> <span class='ocrx_word' id='word_1_112' title='bbox 1203 876 1286 945; x_wconf 88' lang='lat' dir='ltr'>iquit.</span> 
     </span>
    </p>

    <p class='ocr_par' dir='ltr' id='par_1_4' title="bbox 151 889 1855 1284">
     <span class='ocr_line' id='line_1_11' title="bbox 190 889 1854 1069; baseline -0.002 -68"><span class='ocrx_word' id='word_1_113' title='bbox 190 950 259 1001; x_wconf 88' lang='lat' dir='ltr'>hcc.</span> <span class='ocrx_word' id='word_1_114' title='bbox 279 961 337 1013; x_wconf 87' lang='lat' dir='ltr'>viii,</span> <span class='ocrx_word' id='word_1_115' title='bbox 354 946 394 1013; x_wconf 65' lang='lat'>⁵2.)</span> <span class='ocrx_word' id='word_1_116' title='bbox 410 889 588 1014; x_wconf 59' lang='lat' dir='ltr'>Pvtsiagavas</span> <span class='ocrx_word' id='word_1_117' title='bbox 605 941 726 1022; x_wconf 84' lang='lat' dir='ltr'>Samius,</span> <span class='ocrx_word' id='word_1_118' title='bbox 745 958 758 997; x_wconf 90' lang='lat' dir='ltr'>a</span> <span class='ocrx_word' id='word_1_119' title='bbox 775 959 832 1014; x_wconf 92' lang='lat' dir='ltr'>quo</span> <span class='ocrx_word' id='word_1_120' title='bbox 851 945 944 1001; x_wconf 86' lang='lat' dir='ltr'>ierunt</span> <span class='ocrx_word' id='word_1_121' title='bbox 964 945 1163 1017; x_wconf 79' lang='lat' dir='ltr'>phylosophiae</span> <span class='ocrx_word' id='word_1_122' title='bbox 1179 960 1283 1001; x_wconf 91' lang='lat' dir='ltr'>nomeu</span> <span class='ocrx_word' id='word_1_123' title='bbox 1297 949 1443 1012; x_wconf 91' lang='lat' dir='ltr'>exortum,</span> <span class='ocrx_word' id='word_1_124' title='bbox 1461 944 1645 1069; x_wconf 58' lang='grc' dir='ltr'><strong>0011101)οῐ</strong></span> <span class='ocrx_word' id='word_1_125' title='bbox 1662 940 1854 1000; x_wconf 79' lang='lat' dir='ltr'>arithmeticae</span> 
     </span>
     <span class='ocr_line' id='line_1_12' title="bbox 153 1014 1854 1089; baseline -0.001 -18"><span class='ocrx_word' id='word_1_126' title='bbox 153 1017 227 1072; x_wconf 89' lang='lat' dir='ltr'>artis</span> <span class='ocrx_word' id='word_1_127' title='bbox 242 1021 271 1072; x_wconf 90' lang='lat' dir='ltr'>et</span> <span class='ocrx_word' id='word_1_128' title='bbox 287 1015 463 1072; x_wconf 90' lang='lat' dir='ltr'>musicarum</span> <span class='ocrx_word' id='word_1_129' title='bbox 479 1017 735 1070; x_wconf 75' lang='lat' dir='ltr'>consonantiarum</span> <span class='ocrx_word' id='word_1_130' title='bbox 752 1023 887 1085; x_wconf 88' lang='lat' dir='ltr'>repertor</span> <span class='ocrx_word' id='word_1_131' title='bbox 904 1016 993 1071; x_wconf 88' lang='lat' dir='ltr'>luisse</span> <span class='ocrx_word' id='word_1_132' title='bbox 1007 1016 1125 1081; x_wconf 81' lang='lat' dir='ltr'>(licitur,</span> <span class='ocrx_word' id='word_1_133' title='bbox 1141 1016 1251 1073; x_wconf 89' lang='lat' dir='ltr'>eisdem</span> <span class='ocrx_word' id='word_1_134' title='bbox 1265 1017 1448 1089; x_wconf 78' lang='lat' dir='ltr'>temporibus</span> <span class='ocrx_word' id='word_1_135' title='bbox 1468 1016 1559 1072; x_wconf 86' lang='lat' dir='ltr'>luisse</span> <span class='ocrx_word' id='word_1_136' title='bbox 1593 1020 1689 1071; x_wconf 88' lang='lat' dir='ltr'>ertur.</span> <span class='ocrx_word' id='word_1_137' title='bbox 1705 1014 1778 1069; x_wconf 83' lang='lat' dir='ltr'>llam</span> <span class='ocrx_word' id='word_1_138' title='bbox 1794 1029 1854 1070; x_wconf 88' lang='lat' dir='ltr'>euin</span> 
     </span>
     <span class='ocr_line' id='line_1_13' title="bbox 153 1082 1854 1158; baseline -0.002 -15"><span class='ocrx_word' id='word_1_139' title='bbox 153 1093 237 1143; x_wconf 89' lang='lat' dir='ltr'>autea</span> <span class='ocrx_word' id='word_1_140' title='bbox 247 1086 394 1157; x_wconf 90' lang='lat' dir='ltr'>sapientes</span> <span class='ocrx_word' id='word_1_141' title='bbox 405 1085 584 1152; x_wconf 85' lang='lat' dir='ltr'>dicerentur,</span> <span class='ocrx_word' id='word_1_142' title='bbox 594 1084 642 1154; x_wconf 92' lang='lat' dir='ltr'>qui</span> <span class='ocrx_word' id='word_1_143' title='bbox 655 1084 720 1139; x_wconf 89' lang='lat' dir='ltr'>aliis</span> <span class='ocrx_word' id='word_1_144' title='bbox 732 1092 865 1155; x_wconf 86' lang='lat' dir='ltr'>prestare</span> <span class='ocrx_word' id='word_1_145' title='bbox 877 1086 1062 1153; x_wconf 89' lang='lat' dir='ltr'>videbantur,</span> <span class='ocrx_word' id='word_1_146' title='bbox 1072 1087 1127 1142; x_wconf 91' lang='lat' dir='ltr'>iste</span> <span class='ocrx_word' id='word_1_147' title='bbox 1137 1088 1336 1157; x_wconf 86' lang='lat' dir='ltr'>interrogatus</span> <span class='ocrx_word' id='word_1_148' title='bbox 1347 1087 1416 1158; x_wconf 93' lang='lat' dir='ltr'>quid</span> <span class='ocrx_word' id='word_1_149' title='bbox 1427 1087 1628 1158; x_wconf 78' lang='lat' dir='ltr'>profiteretur,</span> <span class='ocrx_word' id='word_1_150' title='bbox 1643 1082 1854 1156; x_wconf 79' lang='lat' dir='ltr'>phylosophum</span> 
     </span>
     <span class='ocr_line' id='line_1_14' title="bbox 152 1153 1855 1283; baseline -0.001 -70"><span class='ocrx_word' id='word_1_151' title='bbox 152 1172 183 1213; x_wconf 91' lang='lat' dir='ltr'>se</span> <span class='ocrx_word' id='word_1_152' title='bbox 197 1172 262 1212; x_wconf 89' lang='lat' dir='ltr'>csse</span> <span class='ocrx_word' id='word_1_153' title='bbox 279 1156 441 1283; x_wconf 53' lang='grc' dir='ltr'>ιὲεροιᾶόίὲ,</span> <span class='ocrx_word' id='word_1_154' title='bbox 461 1154 488 1210; x_wconf 92' lang='lat' dir='ltr'>id</span> <span class='ocrx_word' id='word_1_155' title='bbox 504 1161 550 1210; x_wconf 91' lang='lat' dir='ltr'>est</span> <span class='ocrx_word' id='word_1_156' title='bbox 566 1153 728 1213; x_wconf 91' lang='lat' dir='ltr'>studiosum</span> <span class='ocrx_word' id='word_1_157' title='bbox 748 1156 792 1210; x_wconf 92' lang='lat' dir='ltr'>vel</span> <span class='ocrx_word' id='word_1_158' title='bbox 808 1161 965 1212; x_wconf 87' lang='lat' dir='ltr'>amatorem</span> <span class='ocrx_word' id='word_1_159' title='bbox 980 1158 1141 1229; x_wconf 77' lang='lat' dir='ltr'>sapientiae,</span> <span class='ocrx_word' id='word_1_160' title='bbox 1161 1159 1295 1229; x_wconf 82' lang='lat' dir='ltr'>naeniam</span> <span class='ocrx_word' id='word_1_161' title='bbox 1311 1158 1472 1231; x_wconf 86' lang='lat' dir='ltr'>sapientam</span> <span class='ocrx_word' id='word_1_162' title='bbox 1486 1156 1617 1230; x_wconf 72' lang='lat' dir='ltr'>profiteri</span> <span class='ocrx_word' id='word_1_163' title='bbox 1631 1170 1664 1214; x_wconf 91' lang='lat' dir='ltr'>se</span> <span class='ocrx_word' id='word_1_164' title='bbox 1675 1155 1855 1224; x_wconf 80' lang='lat' dir='ltr'>arrogantis</span> 
     </span>
     <span class='ocr_line' id='line_1_15' title="bbox 151 1227 506 1284; baseline -0.003 0"><span class='ocrx_word' id='word_1_165' title='bbox 151 1228 254 1284; x_wconf 89' lang='lat' dir='ltr'>siinuni</span> <span class='ocrx_word' id='word_1_166' title='bbox 270 1228 292 1283; x_wconf 90' lang='lat' dir='ltr'>si</span> <span class='ocrx_word' id='word_1_167' title='bbox 319 1227 368 1283; x_wconf 87' lang='lat' dir='ltr'>ivi</span> <span class='ocrx_word' id='word_1_168' title='bbox 391 1242 406 1282; x_wconf 91' lang='lat' dir='ltr'>e</span> <span class='ocrx_word' id='word_1_169' title='bbox 430 1232 506 1283; x_wconf 91' lang='lat' dir='ltr'>atur.</span> 
     </span>
    </p>

    <p class='ocr_par' dir='ltr' id='par_1_5' title="bbox 150 1295 1852 1449">
     <span class='ocr_line' id='line_1_16' title="bbox 186 1295 1852 1371; baseline -0.001 -18"><span class='ocrx_word' id='word_1_170' title='bbox 186 1298 293 1369; x_wconf 82' lang='lat' dir='ltr'>(lirun.)</span> <span class='ocrx_word' id='word_1_171' title='bbox 310 1300 365 1353; x_wconf 91' lang='lat' dir='ltr'>Per</span> <span class='ocrx_word' id='word_1_172' title='bbox 381 1298 456 1352; x_wconf 91' lang='lat' dir='ltr'>idem</span> <span class='ocrx_word' id='word_1_173' title='bbox 474 1304 530 1352; x_wconf 91' lang='lat' dir='ltr'>tem</span> <span class='ocrx_word' id='word_1_174' title='bbox 557 1312 589 1352; x_wconf 90' lang='lat' dir='ltr'>us</span> <span class='ocrx_word' id='word_1_175' title='bbox 605 1296 691 1353; x_wconf 90' lang='lat' dir='ltr'>etiam</span> <span class='ocrx_word' id='word_1_176' title='bbox 707 1296 754 1351; x_wconf 91' lang='lat' dir='ltr'>alii</span> <span class='ocrx_word' id='word_1_177' title='bbox 773 1296 872 1368; x_wconf 89' lang='lat' dir='ltr'>plures</span> <span class='ocrx_word' id='word_1_178' title='bbox 888 1298 1058 1356; x_wconf 85' lang='lat' dir='ltr'>claruerunt</span> <span class='ocrx_word' id='word_1_179' title='bbox 1074 1318 1080 1353; x_wconf 91' lang='lat'>:</span> <span class='ocrx_word' id='word_1_180' title='bbox 1098 1300 1283 1357; x_wconf 89' lang='lat' dir='ltr'>alcmannius</span> <span class='ocrx_word' id='word_1_181' title='bbox 1299 1305 1329 1356; x_wconf 90' lang='lat' dir='ltr'>et</span> <span class='ocrx_word' id='word_1_182' title='bbox 1344 1299 1527 1357; x_wconf 86' lang='lat' dir='ltr'>Stersicorns</span> <span class='ocrx_word' id='word_1_183' title='bbox 1545 1301 1652 1371; x_wconf 82' lang='lat' dir='ltr'>poetae,</span> <span class='ocrx_word' id='word_1_184' title='bbox 1677 1295 1852 1353; x_wconf 70' lang='lat' dir='ltr'>pherecides</span> 
     </span>
     <span class='ocr_line' id='line_1_17' title="bbox 150 1313 1850 1449; baseline -0.002 -24"><span class='ocrx_word' id='word_1_185' title='bbox 150 1369 345 1440; x_wconf 77' lang='lat' dir='ltr'>hystoriarum</span> <span class='ocrx_word' id='word_1_186' title='bbox 375 1369 512 1449; x_wconf 80' lang='lat' dir='ltr'>scriptor,</span> <span class='ocrx_word' id='word_1_187' title='bbox 529 1313 718 1440; x_wconf 47' lang='lat' dir='ltr'>{caepasios</span> <span class='ocrx_word' id='word_1_188' title='bbox 741 1367 878 1439; x_wconf 80' lang='lat' dir='ltr'>physicus</span> <span class='ocrx_word' id='word_1_189' title='bbox 901 1375 930 1424; x_wconf 87' lang='lat' dir='ltr'>et</span> <span class='ocrx_word' id='word_1_190' title='bbox 956 1371 1104 1440; x_wconf 76' lang='lat' dir='ltr'>tragedus,</span> <span class='ocrx_word' id='word_1_191' title='bbox 1123 1372 1217 1443; x_wconf 89' lang='lat' dir='ltr'>sapho</span> <span class='ocrx_word' id='word_1_192' title='bbox 1242 1370 1347 1427; x_wconf 90' lang='lat' dir='ltr'>mulier</span> <span class='ocrx_word' id='word_1_193' title='bbox 1372 1371 1400 1427; x_wconf 93' lang='lat' dir='ltr'>in</span> <span class='ocrx_word' id='word_1_194' title='bbox 1425 1370 1527 1429; x_wconf 89' lang='lat' dir='ltr'>multis</span> <span class='ocrx_word' id='word_1_195' title='bbox 1551 1368 1741 1443; x_wconf 87' lang='lat' dir='ltr'>poematibus</span> <span class='ocrx_word' id='word_1_196' title='bbox 1765 1367 1850 1438; x_wconf 89' lang='lat' dir='ltr'>clara,</span> 
     </span>
    </p>
   </div>
   <div class='ocr_carea' id='block_1_3' title="bbox 150 1438 1372 1636">
    <p class='ocr_par' dir='ltr' id='par_1_6' title="bbox 150 1438 1372 1636">
     <span class='ocr_line' id='line_1_18' title="bbox 151 1438 1372 1521; baseline 0.002 -25"><span class='ocrx_word' id='word_1_197' title='bbox 151 1440 365 1521; x_wconf 85' lang='lat' dir='ltr'>anaximander</span> <span class='ocrx_word' id='word_1_198' title='bbox 383 1440 528 1511; x_wconf 75' lang='lat' dir='ltr'>physicus,</span> <span class='ocrx_word' id='word_1_199' title='bbox 546 1439 629 1508; x_wconf 84' lang='lat' dir='ltr'>eujus</span> <span class='ocrx_word' id='word_1_200' title='bbox 646 1438 784 1508; x_wconf 87' lang='lat' dir='ltr'>magister</span> <span class='ocrx_word' id='word_1_201' title='bbox 799 1446 862 1495; x_wconf 90' lang='lat' dir='ltr'>crat</span> <span class='ocrx_word' id='word_1_202' title='bbox 878 1440 980 1498; x_wconf 89' lang='lat' dir='ltr'>Thales</span> <span class='ocrx_word' id='word_1_203' title='bbox 994 1441 1122 1500; x_wconf 90' lang='lat' dir='ltr'>llilesiiis</span> <span class='ocrx_word' id='word_1_204' title='bbox 1137 1443 1185 1514; x_wconf 85' lang='lat' dir='ltr'>(ci.</span> <span class='ocrx_word' id='word_1_205' title='bbox 1203 1445 1273 1499; x_wconf 83' lang='lat' dir='ltr'>ace.</span> <span class='ocrx_word' id='word_1_206' title='bbox 1290 1443 1310 1499; x_wconf 83' lang='grc'>1.</span> <span class='ocrx_word' id='word_1_207' title='bbox 1329 1442 1372 1512; x_wconf 84' lang='grc'><strong>1.).</strong></span> 
     </span>
     <span class='ocr_line' id='line_1_19' title="bbox 150 1525 776 1636; baseline -0.003 -14"><span class='ocrx_word' id='word_1_208' title='bbox 150 1525 209 1636; x_wconf 46' lang='grc'><strong>3121</strong></span> <span class='ocrx_word' id='word_1_209' title='bbox 220 1526 357 1621; x_wconf 63' lang='lat' dir='ltr'>lesanallidor.</span> <span class='ocrx_word' id='word_1_210' title='bbox 368 1573 463 1635; x_wconf 81' lang='lat' dir='ltr'>AEgypt.</span> <span class='ocrx_word' id='word_1_211' title='bbox 489 1575 557 1622; x_wconf 87' lang='lat' dir='ltr'>Rom.</span> <span class='ocrx_word' id='word_1_212' title='bbox 575 1571 666 1622; x_wconf 85' lang='lat' dir='ltr'>blecca.</span> <span class='ocrx_word' id='word_1_213' title='bbox 719 1571 776 1632; x_wconf 75' lang='lat' dir='ltr'>Lyd.</span> 
     </span>
    </p>
   </div>
   <div class='ocr_carea' id='block_1_4' title="bbox 150 1647 1853 1930">
    <p class='ocr_par' dir='ltr' id='par_1_7' title="bbox 150 1647 1853 1930">
     <span class='ocr_line' id='line_1_20' title="bbox 203 1647 1728 1788; baseline -0.001 -17"><span class='ocrx_word' id='word_1_214' title='bbox 203 1650 219 1771; x_wconf 64' lang='grc'>11</span> <span class='ocrx_word' id='word_1_215' title='bbox 293 1650 326 1771; x_wconf 55' lang='lat' dir='ltr'>lg</span> <span class='ocrx_word' id='word_1_216' title='bbox 401 1650 433 1769; x_wconf 55' lang='lat' dir='ltr'>t}</span> <span class='ocrx_word' id='word_1_217' title='bbox 505 1648 540 1771; x_wconf 49' lang='grc' dir='ltr'>ἐξ</span> <span class='ocrx_word' id='word_1_218' title='bbox 615 1648 646 1768; x_wconf 55' lang='lat'>¹?</span> <span class='ocrx_word' id='word_1_219' title='bbox 718 1647 753 1768; x_wconf 56' lang='lat' dir='ltr'>{d</span> <span class='ocrx_word' id='word_1_220' title='bbox 808 1715 913 1788; x_wconf 80' lang='lat' dir='ltr'>(llice.)</span> <span class='ocrx_word' id='word_1_221' title='bbox 930 1716 1056 1786; x_wconf 85' lang='lat' dir='ltr'>alcetas,</span> <span class='ocrx_word' id='word_1_222' title='bbox 1075 1731 1124 1772; x_wconf 89' lang='lat' dir='ltr'>vex</span> <span class='ocrx_word' id='word_1_223' title='bbox 1140 1716 1326 1773; x_wconf 90' lang='lat' dir='ltr'>blaeodonum</span> <span class='ocrx_word' id='word_1_224' title='bbox 1345 1720 1469 1773; x_wconf 90' lang='lat' dir='ltr'>octavus</span> <span class='ocrx_word' id='word_1_225' title='bbox 1498 1729 1578 1785; x_wconf 85' lang='lat' dir='ltr'>regn.</span> <span class='ocrx_word' id='word_1_226' title='bbox 1597 1728 1663 1771; x_wconf 87' lang='lat' dir='ltr'>aiiii.</span> <span class='ocrx_word' id='word_1_227' title='bbox 1679 1717 1728 1773; x_wconf 68' lang='lat' dir='ltr'>aa.</span> 
     </span>
     <span class='ocr_line' id='line_1_21' title="bbox 187 1759 1852 1857; baseline -0.001 -17"><span class='ocrx_word' id='word_1_228' title='bbox 187 1785 299 1841; x_wconf 77' lang='lat' dir='ltr'>Finitus</span> <span class='ocrx_word' id='word_1_229' title='bbox 314 1788 386 1840; x_wconf 83' lang='lat' dir='ltr'>atas</span> <span class='ocrx_word' id='word_1_230' title='bbox 400 1784 497 1842; x_wconf 78' lang='lat' dir='ltr'>saeculi</span> <span class='ocrx_word' id='word_1_231' title='bbox 515 1791 617 1856; x_wconf 76' lang='lat' dir='ltr'>quai-ta</span> <span class='ocrx_word' id='word_1_232' title='bbox 636 1785 662 1839; x_wconf 92' lang='lat' dir='ltr'>in</span> <span class='ocrx_word' id='word_1_233' title='bbox 680 1784 851 1854; x_wconf 86' lang='lat' dir='ltr'>captivitate</span> <span class='ocrx_word' id='word_1_234' title='bbox 868 1788 1056 1852; x_wconf 84' lang='lat' dir='ltr'>llcbveorum,</span> <span class='ocrx_word' id='word_1_235' title='bbox 1070 1789 1225 1844; x_wconf 90' lang='lat' dir='ltr'>continens</span> <span class='ocrx_word' id='word_1_236' title='bbox 1240 1803 1331 1844; x_wconf 83' lang='lat' dir='ltr'>auxios</span> <span class='ocrx_word' id='word_1_237' title='bbox 1348 1791 1408 1857; x_wconf 76' lang='grc'><strong>186,</strong></span> <span class='ocrx_word' id='word_1_238' title='bbox 1421 1792 1450 1843; x_wconf 84' lang='grc'>01</span> <span class='ocrx_word' id='word_1_239' title='bbox 1462 1759 1633 1844; x_wconf 80' lang='lat' dir='ltr'>duntsimul</span> <span class='ocrx_word' id='word_1_240' title='bbox 1644 1784 1715 1842; x_wconf 86' lang='lat' dir='ltr'>anni</span> <span class='ocrx_word' id='word_1_241' title='bbox 1727 1788 1852 1855; x_wconf 89' lang='lat' dir='ltr'>quatuor</span> 
     </span>
     <span class='ocr_line' id='line_1_22' title="bbox 150 1854 1853 1930; baseline -0.002 -17"><span class='ocrx_word' id='word_1_242' title='bbox 150 1861 270 1913; x_wconf 76' lang='lat' dir='ltr'>aetatum</span> <span class='ocrx_word' id='word_1_243' title='bbox 286 1856 321 1912; x_wconf 91' lang='lat' dir='ltr'>ab</span> <span class='ocrx_word' id='word_1_244' title='bbox 337 1856 424 1911; x_wconf 88' lang='lat' dir='ltr'>inicia</span> <span class='ocrx_word' id='word_1_245' title='bbox 440 1857 537 1912; x_wconf 92' lang='lat' dir='ltr'>mundi</span> <span class='ocrx_word' id='word_1_246' title='bbox 554 1870 646 1927; x_wconf 91' lang='lat' dir='ltr'>nsque</span> <span class='ocrx_word' id='word_1_247' title='bbox 664 1854 698 1910; x_wconf 91' lang='lat' dir='ltr'>ad</span> <span class='ocrx_word' id='word_1_248' title='bbox 713 1855 913 1926; x_wconf 86' lang='lat' dir='ltr'>captivitatem</span> <span class='ocrx_word' id='word_1_249' title='bbox 930 1863 999 1915; x_wconf 80' lang='grc'><strong>3371</strong></span> <span class='ocrx_word' id='word_1_250' title='bbox 1013 1860 1063 1930; x_wconf 82' lang='grc'><strong>(01.</strong></span> <span class='ocrx_word' id='word_1_251' title='bbox 1080 1862 1159 1929; x_wconf 89' lang='lat' dir='ltr'>lsio.)</span> <span class='ocrx_word' id='word_1_252' title='bbox 1177 1859 1288 1930; x_wconf 80' lang='lat' dir='ltr'>(broi.)</span> <span class='ocrx_word' id='word_1_253' title='bbox 1304 1859 1408 1925; x_wconf 85' lang='lat' dir='ltr'>Quinta</span> <span class='ocrx_word' id='word_1_254' title='bbox 1432 1866 1505 1914; x_wconf 78' lang='lat' dir='ltr'>actas</span> <span class='ocrx_word' id='word_1_255' title='bbox 1532 1855 1635 1927; x_wconf 89' lang='lat' dir='ltr'>incipit</span> <span class='ocrx_word' id='word_1_256' title='bbox 1648 1871 1664 1913; x_wconf 88' lang='lat' dir='ltr'>a</span> <span class='ocrx_word' id='word_1_257' title='bbox 1679 1854 1853 1928; x_wconf 86' lang='lat' dir='ltr'>captivitato</span> 
     </span>
    </p>
   </div>
   <div class='ocr_carea' id='block_1_5' title="bbox 63 1927 470 1998">
    <p class='ocr_par' dir='ltr' id='par_1_8' title="bbox 63 1927 470 1998">
     <span class='ocr_line' id='line_1_23' title="bbox 63 1927 470 1998; baseline -0.012 -12"><span class='ocrx_word' id='word_1_258' title='bbox 63 1963 67 1971; x_wconf 88' lang='lat'><em>·</em></span> <span class='ocrx_word' id='word_1_259' title='bbox 153 1942 244 1998; x_wconf 91' lang='lat' dir='ltr'>usquc</span> <span class='ocrx_word' id='word_1_260' title='bbox 261 1927 296 1983; x_wconf 91' lang='lat' dir='ltr'>ad</span> <span class='ocrx_word' id='word_1_261' title='bbox 313 1927 470 1983; x_wconf 83' lang='lat' dir='ltr'>Christum.</span> 
     </span>
    </p>
   </div>
   <div class='ocr_carea' id='block_1_6' title="bbox 108 1994 1866 5268">
    <p class='ocr_par' dir='ltr' id='par_1_9' title="bbox 148 1994 1853 2783">
     <span class='ocr_line' id='line_1_24' title="bbox 188 1994 1852 2070; baseline -0.002 -16"><span class='ocrx_word' id='word_1_262' title='bbox 188 1998 238 2066; x_wconf 84' lang='lat' dir='ltr'>(H.</span> <span class='ocrx_word' id='word_1_263' title='bbox 254 2001 306 2070; x_wconf 81' lang='lat' dir='ltr'>iii.)</span> <span class='ocrx_word' id='word_1_264' title='bbox 323 1999 439 2054; x_wconf 86' lang='lat' dir='ltr'>Servius</span> <span class='ocrx_word' id='word_1_265' title='bbox 454 1997 562 2066; x_wconf 89' lang='lat' dir='ltr'>Tullus,</span> <span class='ocrx_word' id='word_1_266' title='bbox 581 1999 776 2053; x_wconf 90' lang='lat' dir='ltr'>ltonianuruui</span> <span class='ocrx_word' id='word_1_267' title='bbox 793 2013 844 2053; x_wconf 88' lang='lat' dir='ltr'>rex</span> <span class='ocrx_word' id='word_1_268' title='bbox 859 2004 970 2069; x_wconf 88' lang='lat' dir='ltr'>sextus,</span> <span class='ocrx_word' id='word_1_269' title='bbox 989 2000 1120 2070; x_wconf 88' lang='lat' dir='ltr'>regnavit</span> <span class='ocrx_word' id='word_1_270' title='bbox 1137 2000 1219 2056; x_wconf 91' lang='lat' dir='ltr'>annis</span> <span class='ocrx_word' id='word_1_271' title='bbox 1235 2000 1354 2070; x_wconf 85' lang='lat' dir='ltr'>triginta</span> <span class='ocrx_word' id='word_1_272' title='bbox 1370 2005 1506 2070; x_wconf 91' lang='lat' dir='ltr'>quatuor.</span> <span class='ocrx_word' id='word_1_273' title='bbox 1522 1999 1572 2055; x_wconf 92' lang='lat' dir='ltr'>llic</span> <span class='ocrx_word' id='word_1_274' title='bbox 1585 1996 1707 2066; x_wconf 85' lang='lat' dir='ltr'>genitus</span> <span class='ocrx_word' id='word_1_275' title='bbox 1718 2010 1756 2053; x_wconf 86' lang='lat' dir='ltr'>ex</span> <span class='ocrx_word' id='word_1_276' title='bbox 1767 1994 1852 2053; x_wconf 92' lang='lat' dir='ltr'>nobili</span> 
     </span>
     <span class='ocr_line' id='line_1_25' title="bbox 151 2067 1851 2142; baseline 0 -19"><span class='ocrx_word' id='word_1_277' title='bbox 151 2069 267 2137; x_wconf 88' lang='lat' dir='ltr'>lemica,</span> <span class='ocrx_word' id='word_1_278' title='bbox 282 2070 399 2140; x_wconf 86' lang='lat' dir='ltr'>captiva</span> <span class='ocrx_word' id='word_1_279' title='bbox 416 2073 511 2124; x_wconf 91' lang='lat' dir='ltr'>tamen</span> <span class='ocrx_word' id='word_1_280' title='bbox 529 2074 558 2123; x_wconf 93' lang='lat' dir='ltr'>ct</span> <span class='ocrx_word' id='word_1_281' title='bbox 575 2069 640 2124; x_wconf 89' lang='lat' dir='ltr'>idco</span> <span class='ocrx_word' id='word_1_282' title='bbox 655 2068 771 2138; x_wconf 91' lang='lat' dir='ltr'>aneilla,</span> <span class='ocrx_word' id='word_1_283' title='bbox 790 2085 854 2126; x_wconf 89' lang='lat' dir='ltr'>euni</span> <span class='ocrx_word' id='word_1_284' title='bbox 872 2072 1015 2128; x_wconf 89' lang='lat' dir='ltr'>dormiret</span> <span class='ocrx_word' id='word_1_285' title='bbox 1031 2073 1124 2128; x_wconf 91' lang='lat' dir='ltr'>adhue</span> <span class='ocrx_word' id='word_1_286' title='bbox 1141 2087 1213 2142; x_wconf 92' lang='lat' dir='ltr'>puer</span> <span class='ocrx_word' id='word_1_287' title='bbox 1229 2073 1257 2127; x_wconf 93' lang='lat' dir='ltr'>in</span> <span class='ocrx_word' id='word_1_288' title='bbox 1272 2072 1506 2142; x_wconf 83' lang='lat' dir='ltr'>reginTaiquinii</span> <span class='ocrx_word' id='word_1_289' title='bbox 1519 2069 1623 2137; x_wconf 87' lang='lat' dir='ltr'>Prisci,</span> <span class='ocrx_word' id='word_1_290' title='bbox 1637 2082 1713 2125; x_wconf 83' lang='lat' dir='ltr'>uxor</span> <span class='ocrx_word' id='word_1_291' title='bbox 1726 2067 1851 2137; x_wconf 82' lang='lat' dir='ltr'>ejusdcm</span> 
     </span>
     <span class='ocr_line' id='line_1_26' title="bbox 150 2139 1853 2214; baseline -0.002 -18"><span class='ocrx_word' id='word_1_292' title='bbox 150 2140 228 2210; x_wconf 89' lang='lat' dir='ltr'>rogis</span> <span class='ocrx_word' id='word_1_293' title='bbox 244 2140 381 2211; x_wconf 84' lang='lat' dir='ltr'>Tanaquil</span> <span class='ocrx_word' id='word_1_294' title='bbox 398 2141 473 2196; x_wconf 89' lang='lat' dir='ltr'>vidit</span> <span class='ocrx_word' id='word_1_295' title='bbox 488 2139 569 2210; x_wconf 90' lang='lat' dir='ltr'>qnasi</span> <span class='ocrx_word' id='word_1_296' title='bbox 584 2141 688 2196; x_wconf 92' lang='lat' dir='ltr'>ardere</span> <span class='ocrx_word' id='word_1_297' title='bbox 704 2144 790 2210; x_wconf 90' lang='lat' dir='ltr'>eaput</span> <span class='ocrx_word' id='word_1_298' title='bbox 807 2141 878 2210; x_wconf 67' lang='lat' dir='ltr'>iius,</span> <span class='ocrx_word' id='word_1_299' title='bbox 891 2150 921 2196; x_wconf 94' lang='lat' dir='ltr'>et</span> <span class='ocrx_word' id='word_1_300' title='bbox 938 2147 1059 2214; x_wconf 89' lang='lat' dir='ltr'>propter</span> <span class='ocrx_word' id='word_1_301' title='bbox 1074 2144 1128 2199; x_wconf 90' lang='lat' dir='ltr'>hoc</span> <span class='ocrx_word' id='word_1_302' title='bbox 1145 2142 1307 2213; x_wconf 89' lang='lat' dir='ltr'>prodigium</span> <span class='ocrx_word' id='word_1_303' title='bbox 1324 2143 1488 2199; x_wconf 89' lang='lat' dir='ltr'>liberaliter</span> <span class='ocrx_word' id='word_1_304' title='bbox 1499 2156 1564 2197; x_wconf 84' lang='lat' dir='ltr'>etim</span> <span class='ocrx_word' id='word_1_305' title='bbox 1577 2140 1655 2196; x_wconf 90' lang='lat' dir='ltr'>inter</span> <span class='ocrx_word' id='word_1_306' title='bbox 1667 2152 1853 2210; x_wconf 86' lang='lat' dir='ltr'>suospueros</span> 
     </span>
     <span class='ocr_line' id='line_1_27' title="bbox 149 2208 1852 2292; baseline -0.002 -25"><span class='ocrx_word' id='word_1_307' title='bbox 149 2212 294 2277; x_wconf 79' lang='lat' dir='ltr'>calceavit,</span> <span class='ocrx_word' id='word_1_308' title='bbox 313 2226 434 2292; x_wconf 88' lang='lat' dir='ltr'>proqua</span> <span class='ocrx_word' id='word_1_309' title='bbox 452 2226 482 2266; x_wconf 88' lang='lat' dir='ltr'>re</span> <span class='ocrx_word' id='word_1_310' title='bbox 499 2211 533 2266; x_wconf 88' lang='lat' dir='ltr'>ad</span> <span class='ocrx_word' id='word_1_311' title='bbox 555 2225 673 2280; x_wconf 88' lang='lat' dir='ltr'>regnam</span> <span class='ocrx_word' id='word_1_312' title='bbox 690 2211 831 2281; x_wconf 89' lang='lat' dir='ltr'>pervenit.</span> <span class='ocrx_word' id='word_1_313' title='bbox 850 2215 917 2267; x_wconf 88' lang='lat' dir='ltr'>Nam</span> <span class='ocrx_word' id='word_1_314' title='bbox 938 2219 1003 2283; x_wconf 90' lang='lat' dir='ltr'>post</span> <span class='ocrx_word' id='word_1_315' title='bbox 1021 2219 1141 2270; x_wconf 83' lang='lat' dir='ltr'>mortem</span> <span class='ocrx_word' id='word_1_316' title='bbox 1157 2214 1314 2284; x_wconf 90' lang='lat' dir='ltr'>Tarquinii,</span> <span class='ocrx_word' id='word_1_317' title='bbox 1333 2214 1485 2270; x_wconf 90' lang='lat' dir='ltr'>annitente</span> <span class='ocrx_word' id='word_1_318' title='bbox 1506 2210 1615 2280; x_wconf 87' lang='lat' dir='ltr'>regina,</span> <span class='ocrx_word' id='word_1_319' title='bbox 1628 2211 1812 2279; x_wconf 89' lang='lat' dir='ltr'>subrogatus</span> <span class='ocrx_word' id='word_1_320' title='bbox 1827 2208 1852 2264; x_wconf 94' lang='lat' dir='ltr'>iii</span> 
     </span>
     <span class='ocr_line' id='line_1_28' title="bbox 148 2281 1851 2354; baseline -0.002 -16"><span class='ocrx_word' id='word_1_321' title='bbox 148 2282 243 2339; x_wconf 88' lang='lat' dir='ltr'>lecum</span> <span class='ocrx_word' id='word_1_322' title='bbox 261 2298 339 2352; x_wconf 88' lang='lat' dir='ltr'>regis</span> <span class='ocrx_word' id='word_1_323' title='bbox 354 2283 436 2352; x_wconf 92' lang='lat' dir='ltr'>quasi</span> <span class='ocrx_word' id='word_1_324' title='bbox 454 2283 489 2337; x_wconf 90' lang='lat' dir='ltr'>ad</span> <span class='ocrx_word' id='word_1_325' title='bbox 500 2287 627 2352; x_wconf 88' lang='lat' dir='ltr'>tenipus,</span> <span class='ocrx_word' id='word_1_326' title='bbox 642 2296 760 2349; x_wconf 84' lang='lat' dir='ltr'>regnum</span> <span class='ocrx_word' id='word_1_327' title='bbox 771 2281 838 2337; x_wconf 91' lang='lat' dir='ltr'>dolo</span> <span class='ocrx_word' id='word_1_328' title='bbox 852 2292 965 2354; x_wconf 91' lang='lat' dir='ltr'>partum</span> <span class='ocrx_word' id='word_1_329' title='bbox 979 2286 1020 2340; x_wconf 90' lang='lat' dir='ltr'>sic</span> <span class='ocrx_word' id='word_1_330' title='bbox 1032 2285 1256 2340; x_wconf 89' lang='lat' dir='ltr'>amministravit</span> <span class='ocrx_word' id='word_1_331' title='bbox 1270 2285 1423 2349; x_wconf 88' lang='lat' dir='ltr'>industrie,</span> <span class='ocrx_word' id='word_1_332' title='bbox 1436 2289 1467 2339; x_wconf 90' lang='lat' dir='ltr'>nt</span> <span class='ocrx_word' id='word_1_333' title='bbox 1475 2284 1540 2351; x_wconf 91' lang='lat' dir='ltr'>jure</span> <span class='ocrx_word' id='word_1_334' title='bbox 1552 2282 1679 2353; x_wconf 90' lang='lat' dir='ltr'>adeptus</span> <span class='ocrx_word' id='word_1_335' title='bbox 1692 2282 1851 2337; x_wconf 86' lang='lat' dir='ltr'>videretur.</span> 
     </span>
     <span class='ocr_line' id='line_1_29' title="bbox 148 2351 1851 2426; baseline -0.001 -19"><span class='ocrx_word' id='word_1_336' title='bbox 148 2353 240 2424; x_wconf 79' lang='lat' dir='ltr'>(ilion.</span> <span class='ocrx_word' id='word_1_337' title='bbox 259 2358 288 2409; x_wconf 92' lang='lat' dir='ltr'>ct</span> <span class='ocrx_word' id='word_1_338' title='bbox 304 2355 343 2410; x_wconf 89' lang='lat' dir='ltr'>H.</span> <span class='ocrx_word' id='word_1_339' title='bbox 360 2358 412 2424; x_wconf 83' lang='lat' dir='ltr'>iit.)</span> <span class='ocrx_word' id='word_1_340' title='bbox 429 2353 479 2408; x_wconf 90' lang='lat' dir='ltr'>llic</span> <span class='ocrx_word' id='word_1_341' title='bbox 496 2359 557 2409; x_wconf 91' lang='lat' dir='ltr'>tres</span> <span class='ocrx_word' id='word_1_342' title='bbox 573 2359 685 2408; x_wconf 83' lang='lat' dir='ltr'>nioiites</span> <span class='ocrx_word' id='word_1_343' title='bbox 701 2351 764 2408; x_wconf 87' lang='lat' dir='ltr'>urbi</span> <span class='ocrx_word' id='word_1_344' title='bbox 783 2352 924 2423; x_wconf 80' lang='lat' dir='ltr'>adjunxit.</span> <span class='ocrx_word' id='word_1_345' title='bbox 944 2356 1129 2426; x_wconf 84' lang='lat' dir='ltr'>Qiiiriaaleiii,</span> <span class='ocrx_word' id='word_1_346' title='bbox 1148 2355 1327 2423; x_wconf 86' lang='lat' dir='ltr'>Viiiiinalcm,</span> <span class='ocrx_word' id='word_1_347' title='bbox 1341 2354 1532 2426; x_wconf 85' lang='lat' dir='ltr'>Esquilinum,</span> <span class='ocrx_word' id='word_1_348' title='bbox 1544 2355 1637 2409; x_wconf 88' lang='lat' dir='ltr'>lossas</span> <span class='ocrx_word' id='word_1_349' title='bbox 1648 2351 1731 2408; x_wconf 84' lang='lat' dir='ltr'>circa</span> <span class='ocrx_word' id='word_1_350' title='bbox 1743 2365 1851 2407; x_wconf 90' lang='lat' dir='ltr'>murum</span> 
     </span>
     <span class='ocr_line' id='line_1_30' title="bbox 149 2421 1852 2507; baseline -0.004 -26"><span class='ocrx_word' id='word_1_351' title='bbox 149 2424 242 2494; x_wconf 89' lang='lat' dir='ltr'>duxit,</span> <span class='ocrx_word' id='word_1_352' title='bbox 258 2425 367 2496; x_wconf 89' lang='lat' dir='ltr'>primus</span> <span class='ocrx_word' id='word_1_353' title='bbox 378 2425 504 2480; x_wconf 90' lang='lat' dir='ltr'>omnium</span> <span class='ocrx_word' id='word_1_354' title='bbox 520 2439 639 2480; x_wconf 89' lang='lat' dir='ltr'>censum</span> <span class='ocrx_word' id='word_1_355' title='bbox 656 2423 813 2486; x_wconf 84' lang='lat' dir='ltr'>ordinavit,</span> <span class='ocrx_word' id='word_1_356' title='bbox 828 2426 875 2494; x_wconf 92' lang='lat' dir='ltr'>qui</span> <span class='ocrx_word' id='word_1_357' title='bbox 893 2426 987 2482; x_wconf 89' lang='lat' dir='ltr'>adhuc</span> <span class='ocrx_word' id='word_1_358' title='bbox 1002 2442 1055 2507; x_wconf 87' lang='lat' dir='ltr'>per</span> <span class='ocrx_word' id='word_1_359' title='bbox 1070 2429 1168 2482; x_wconf 89' lang='lat' dir='ltr'>orbem</span> <span class='ocrx_word' id='word_1_360' title='bbox 1187 2432 1330 2483; x_wconf 88' lang='lat' dir='ltr'>terrarum</span> <span class='ocrx_word' id='word_1_361' title='bbox 1344 2426 1523 2495; x_wconf 86' lang='lat' dir='ltr'>ineiignitum</span> <span class='ocrx_word' id='word_1_362' title='bbox 1535 2422 1579 2491; x_wconf 80' lang='lat'>¹⁵⁷,</span> <span class='ocrx_word' id='word_1_363' title='bbox 1591 2421 1852 2492; x_wconf 86' lang='lat' dir='ltr'>omnibusquosob</span> 
     </span>
     <span class='ocr_line' id='line_1_31' title="bbox 148 2490 1852 2573; baseline -0.003 -22"><span class='ocrx_word' id='word_1_364' title='bbox 148 2510 183 2551; x_wconf 93' lang='lat' dir='ltr'>eo</span> <span class='ocrx_word' id='word_1_365' title='bbox 200 2497 296 2552; x_wconf 84' lang='lat' dir='ltr'>lloiuae</span> <span class='ocrx_word' id='word_1_366' title='bbox 314 2496 341 2551; x_wconf 93' lang='lat' dir='ltr'>in</span> <span class='ocrx_word' id='word_1_367' title='bbox 356 2511 475 2552; x_wconf 90' lang='lat' dir='ltr'>censum</span> <span class='ocrx_word' id='word_1_368' title='bbox 492 2495 606 2564; x_wconf 81' lang='lat' dir='ltr'>delatis,</span> <span class='ocrx_word' id='word_1_369' title='bbox 625 2495 740 2551; x_wconf 74' lang='lat' dir='ltr'>iiii&#39;eiila</span> <span class='ocrx_word' id='word_1_370' title='bbox 758 2498 825 2549; x_wconf 88' lang='lat' dir='ltr'>suiit</span> <span class='ocrx_word' id='word_1_371' title='bbox 841 2497 936 2565; x_wconf 92' lang='lat' dir='ltr'>capita</span> <span class='ocrx_word' id='word_1_372' title='bbox 952 2499 1058 2553; x_wconf 90' lang='lat' dir='ltr'>civium</span> <span class='ocrx_word' id='word_1_373' title='bbox 1071 2499 1263 2554; x_wconf 74' lang='lat' dir='ltr'>hostiariorum</span> <span class='ocrx_word' id='word_1_374' title='bbox 1276 2513 1340 2553; x_wconf 92' lang='lat' dir='ltr'>cuin</span> <span class='ocrx_word' id='word_1_375' title='bbox 1353 2498 1398 2552; x_wconf 91' lang='lat' dir='ltr'>his</span> <span class='ocrx_word' id='word_1_376' title='bbox 1409 2496 1457 2568; x_wconf 92' lang='lat' dir='ltr'>qui</span> <span class='ocrx_word' id='word_1_377' title='bbox 1470 2496 1498 2552; x_wconf 93' lang='lat' dir='ltr'>iu</span> <span class='ocrx_word' id='word_1_378' title='bbox 1511 2494 1590 2564; x_wconf 91' lang='lat' dir='ltr'>agris</span> <span class='ocrx_word' id='word_1_379' title='bbox 1603 2495 1688 2573; x_wconf 76' lang='lat' dir='ltr'>eraut</span> <span class='ocrx_word' id='word_1_380' title='bbox 1702 2490 1852 2554; x_wconf 70' lang='lat' dir='ltr'>bitalbad</span> 
     </span>
     <span class='ocr_line' id='line_1_32' title="bbox 150 2564 1852 2639; baseline -0.002 -17"><span class='ocrx_word' id='word_1_381' title='bbox 150 2566 282 2623; x_wconf 92' lang='lat' dir='ltr'>ultimum</span> <span class='ocrx_word' id='word_1_382' title='bbox 300 2567 417 2623; x_wconf 86' lang='lat' dir='ltr'>occisas</span> <span class='ocrx_word' id='word_1_383' title='bbox 431 2573 476 2622; x_wconf 90' lang='lat' dir='ltr'>cst</span> <span class='ocrx_word' id='word_1_384' title='bbox 493 2566 603 2622; x_wconf 88' lang='lat' dir='ltr'>scelere</span> <span class='ocrx_word' id='word_1_385' title='bbox 617 2567 714 2635; x_wconf 85' lang='lat' dir='ltr'>generi</span> <span class='ocrx_word' id='word_1_386' title='bbox 728 2564 772 2618; x_wconf 84' lang='lat' dir='ltr'>sui</span> <span class='ocrx_word' id='word_1_387' title='bbox 784 2566 930 2636; x_wconf 89' lang='lat' dir='ltr'>Tarquinii</span> <span class='ocrx_word' id='word_1_388' title='bbox 943 2569 1076 2639; x_wconf 85' lang='lat' dir='ltr'>Superbi,</span> <span class='ocrx_word' id='word_1_389' title='bbox 1089 2570 1138 2639; x_wconf 89' lang='lat' dir='ltr'>qui</span> <span class='ocrx_word' id='word_1_390' title='bbox 1153 2569 1204 2627; x_wconf 88' lang='lat' dir='ltr'>luit</span> <span class='ocrx_word' id='word_1_391' title='bbox 1218 2569 1295 2625; x_wconf 85' lang='lat' dir='ltr'>iilius</span> <span class='ocrx_word' id='word_1_392' title='bbox 1306 2567 1467 2639; x_wconf 90' lang='lat' dir='ltr'>superioris</span> <span class='ocrx_word' id='word_1_393' title='bbox 1479 2565 1557 2635; x_wconf 88' lang='lat' dir='ltr'>regis</span> <span class='ocrx_word' id='word_1_394' title='bbox 1567 2564 1614 2622; x_wconf 92' lang='lat' dir='ltr'>eui</span> <span class='ocrx_word' id='word_1_395' title='bbox 1625 2576 1690 2634; x_wconf 89' lang='lat' dir='ltr'>ipse</span> <span class='ocrx_word' id='word_1_396' title='bbox 1704 2575 1852 2620; x_wconf 88' lang='lat' dir='ltr'>successe-</span> 
     </span>
     <span class='ocr_line' id='line_1_33' title="bbox 149 2633 1851 2709; baseline -0.002 -17"><span class='ocrx_word' id='word_1_397' title='bbox 149 2642 205 2708; x_wconf 90' lang='lat' dir='ltr'>rat,</span> <span class='ocrx_word' id='word_1_398' title='bbox 222 2639 424 2694; x_wconf 86' lang='lat' dir='ltr'>consentiente</span> <span class='ocrx_word' id='word_1_399' title='bbox 441 2638 467 2692; x_wconf 94' lang='lat' dir='ltr'>in</span> <span class='ocrx_word' id='word_1_400' title='bbox 485 2652 582 2693; x_wconf 88' lang='lat' dir='ltr'>necem</span> <span class='ocrx_word' id='word_1_401' title='bbox 597 2638 660 2706; x_wconf 81' lang='lat' dir='ltr'>ejus</span> <span class='ocrx_word' id='word_1_402' title='bbox 677 2636 733 2691; x_wconf 86' lang='lat' dir='ltr'>tilia</span> <span class='ocrx_word' id='word_1_403' title='bbox 750 2649 810 2697; x_wconf 85' lang='lat' dir='ltr'>sua.</span> <span class='ocrx_word' id='word_1_404' title='bbox 830 2653 914 2707; x_wconf 91' lang='lat' dir='ltr'>quani</span> <span class='ocrx_word' id='word_1_405' title='bbox 930 2640 1103 2709; x_wconf 85' lang='lat' dir='ltr'>Tarquinius</span> <span class='ocrx_word' id='word_1_406' title='bbox 1121 2654 1240 2695; x_wconf 83' lang='lat' dir='ltr'>uxorem</span> <span class='ocrx_word' id='word_1_407' title='bbox 1257 2640 1392 2695; x_wconf 89' lang='lat' dir='ltr'>babebat.</span> <span class='ocrx_word' id='word_1_408' title='bbox 1406 2639 1468 2704; x_wconf 82' lang='lat' dir='ltr'>Qiio</span> <span class='ocrx_word' id='word_1_409' title='bbox 1479 2639 1573 2693; x_wconf 90' lang='lat' dir='ltr'>adhuc</span> <span class='ocrx_word' id='word_1_410' title='bbox 1586 2637 1741 2705; x_wconf 77' lang='lat' dir='ltr'>regnante,</span> <span class='ocrx_word' id='word_1_411' title='bbox 1755 2633 1851 2690; x_wconf 84' lang='lat' dir='ltr'>balda·</span> 
     </span>
     <span class='ocr_line' id='line_1_34' title="bbox 151 2705 1839 2783; baseline -0.002 -19"><span class='ocrx_word' id='word_1_412' title='bbox 151 2722 199 2764; x_wconf 84' lang='lat' dir='ltr'>sar</span> <span class='ocrx_word' id='word_1_413' title='bbox 215 2708 369 2779; x_wconf 89' lang='lat' dir='ltr'>imperavit</span> <span class='ocrx_word' id='word_1_414' title='bbox 387 2707 532 2775; x_wconf 82' lang='lat' dir='ltr'>chaldeis,</span> <span class='ocrx_word' id='word_1_415' title='bbox 551 2709 675 2777; x_wconf 86' lang='lat' dir='ltr'>subque</span> <span class='ocrx_word' id='word_1_416' title='bbox 693 2705 791 2762; x_wconf 83' lang='lat' dir='ltr'>ltaiiiol</span> <span class='ocrx_word' id='word_1_417' title='bbox 809 2711 958 2777; x_wconf 76' lang='lat' dir='ltr'>mysticam</span> <span class='ocrx_word' id='word_1_418' title='bbox 980 2712 1156 2781; x_wconf 88' lang='lat' dir='ltr'>scripturam</span> <span class='ocrx_word' id='word_1_419' title='bbox 1175 2712 1201 2764; x_wconf 87' lang='lat' dir='ltr'>iii</span> <span class='ocrx_word' id='word_1_420' title='bbox 1219 2711 1331 2781; x_wconf 89' lang='lat' dir='ltr'>pariete</span> <span class='ocrx_word' id='word_1_421' title='bbox 1348 2709 1418 2779; x_wconf 83' lang='lat' dir='ltr'>legit</span> <span class='ocrx_word' id='word_1_422' title='bbox 1431 2714 1461 2765; x_wconf 91' lang='lat' dir='ltr'>et</span> <span class='ocrx_word' id='word_1_423' title='bbox 1477 2708 1694 2778; x_wconf 86' lang='lat' dir='ltr'>interpretatus</span> <span class='ocrx_word' id='word_1_424' title='bbox 1709 2708 1769 2762; x_wconf 84' lang='lat' dir='ltr'>est.</span> <span class='ocrx_word' id='word_1_425' title='bbox 1833 2771 1839 2783; x_wconf 27' lang='lat'><em>⁹</em></span> 
     </span>
    </p>

    <p class='ocr_par' dir='ltr' id='par_1_10' title="bbox 149 2771 1851 3022">
     <span class='ocr_line' id='line_1_35' title="bbox 185 2771 1851 2855; baseline -0.003 -21"><span class='ocrx_word' id='word_1_426' title='bbox 185 2779 292 2834; x_wconf 86' lang='lat' dir='ltr'>Eodem</span> <span class='ocrx_word' id='word_1_427' title='bbox 310 2783 440 2849; x_wconf 90' lang='lat' dir='ltr'>tempore</span> <span class='ocrx_word' id='word_1_428' title='bbox 458 2778 586 2843; x_wconf 87' lang='lat' dir='ltr'>Claudia,</span> <span class='ocrx_word' id='word_1_429' title='bbox 605 2779 704 2848; x_wconf 90' lang='lat' dir='ltr'>quinta</span> <span class='ocrx_word' id='word_1_430' title='bbox 721 2777 841 2855; x_wconf 79' lang='lat' dir='ltr'>vestalis</span> <span class='ocrx_word' id='word_1_431' title='bbox 856 2783 947 2850; x_wconf 85' lang='lat' dir='ltr'>virgo,</span> <span class='ocrx_word' id='word_1_432' title='bbox 960 2796 1012 2853; x_wconf 92' lang='lat' dir='ltr'>pro</span> <span class='ocrx_word' id='word_1_433' title='bbox 1027 2781 1123 2852; x_wconf 91' lang='lat' dir='ltr'>stupri</span> <span class='ocrx_word' id='word_1_434' title='bbox 1134 2781 1256 2836; x_wconf 89' lang='lat' dir='ltr'>erimine</span> <span class='ocrx_word' id='word_1_435' title='bbox 1269 2787 1405 2837; x_wconf 90' lang='lat' dir='ltr'>accusata</span> <span class='ocrx_word' id='word_1_436' title='bbox 1417 2783 1473 2835; x_wconf 89' lang='lat' dir='ltr'>est.</span> <span class='ocrx_word' id='word_1_437' title='bbox 1485 2782 1520 2835; x_wconf 84' lang='lat' dir='ltr'>al</span> <span class='ocrx_word' id='word_1_438' title='bbox 1532 2777 1580 2833; x_wconf 86' lang='lat' dir='ltr'>illa</span> <span class='ocrx_word' id='word_1_439' title='bbox 1593 2789 1724 2848; x_wconf 86' lang='lat' dir='ltr'>purgare</span> <span class='ocrx_word' id='word_1_440' title='bbox 1734 2771 1851 2832; x_wconf 88' lang='lat' dir='ltr'>sededi·</span> 
     </span>
     <span class='ocr_line' id='line_1_36' title="bbox 149 2845 1849 2929; baseline 0.001 -24"><span class='ocrx_word' id='word_1_441' title='bbox 149 2854 236 2920; x_wconf 86' lang='lat' dir='ltr'>gnata</span> <span class='ocrx_word' id='word_1_442' title='bbox 251 2850 424 2919; x_wconf 87' lang='lat' dir='ltr'>humaniter,</span> <span class='ocrx_word' id='word_1_443' title='bbox 439 2849 466 2904; x_wconf 73' lang='lat' dir='ltr'>‘n</span> <span class='ocrx_word' id='word_1_444' title='bbox 483 2849 588 2905; x_wconf 91' lang='lat' dir='ltr'>vadum</span> <span class='ocrx_word' id='word_1_445' title='bbox 603 2849 721 2919; x_wconf 75' lang='lat' dir='ltr'>&#39;tyberis</span> <span class='ocrx_word' id='word_1_446' title='bbox 736 2849 798 2929; x_wconf 72' lang='lat' dir='ltr'>ivit,</span> <span class='ocrx_word' id='word_1_447' title='bbox 812 2851 905 2906; x_wconf 87' lang='lat' dir='ltr'>navim</span> <span class='ocrx_word' id='word_1_448' title='bbox 922 2853 1064 2924; x_wconf 88' lang='lat' dir='ltr'>ascendit,</span> <span class='ocrx_word' id='word_1_449' title='bbox 1079 2867 1194 2925; x_wconf 91' lang='lat' dir='ltr'>proram</span> <span class='ocrx_word' id='word_1_450' title='bbox 1211 2853 1315 2909; x_wconf 91' lang='lat' dir='ltr'>zonula</span> <span class='ocrx_word' id='word_1_451' title='bbox 1332 2867 1382 2909; x_wconf 87' lang='lat' dir='ltr'>sua</span> <span class='ocrx_word' id='word_1_452' title='bbox 1397 2849 1497 2922; x_wconf 87' lang='lat' dir='ltr'>ligavit</span> <span class='ocrx_word' id='word_1_453' title='bbox 1513 2854 1545 2906; x_wconf 92' lang='lat' dir='ltr'>et</span> <span class='ocrx_word' id='word_1_454' title='bbox 1559 2848 1609 2906; x_wconf 91' lang='lat' dir='ltr'>ait.</span> <span class='ocrx_word' id='word_1_455' title='bbox 1626 2845 1849 2919; x_wconf 66' lang='lat' dir='ltr'>deceperint,</span> 
     </span>
     <span class='ocr_line' id='line_1_37' title="bbox 150 2921 967 3022; baseline 0 -43"><span class='ocrx_word' id='word_1_456' title='bbox 150 2934 340 2994; x_wconf 77' lang='lat' dir='ltr'>sequererne.</span> <span class='ocrx_word' id='word_1_457' title='bbox 359 2922 423 2978; x_wconf 87' lang='lat' dir='ltr'>blox</span> <span class='ocrx_word' id='word_1_458' title='bbox 439 2921 522 2978; x_wconf 92' lang='lat' dir='ltr'>navis</span> <span class='ocrx_word' id='word_1_459' title='bbox 538 2923 615 2977; x_wconf 91' lang='lat' dir='ltr'>mota</span> <span class='ocrx_word' id='word_1_460' title='bbox 631 2922 748 2976; x_wconf 84' lang='lat' dir='ltr'>bainam</span> <span class='ocrx_word' id='word_1_461' title='bbox 765 2933 895 3022; x_wconf 55' lang='lat' dir='ltr'>iggressa</span> <span class='ocrx_word' id='word_1_462' title='bbox 911 2929 967 2979; x_wconf 89' lang='lat' dir='ltr'>est.</span> 
     </span>
    </p>

    <p class='ocr_par' dir='ltr' id='par_1_11' title="bbox 521 2992 816 3048">
     <span class='ocr_line' id='line_1_38' title="bbox 521 2992 816 3048; baseline -0.003 0"><span class='ocrx_word' id='word_1_463' title='bbox 521 2998 532 3048; x_wconf 79' lang='grc'>’1</span> <span class='ocrx_word' id='word_1_464' title='bbox 627 2997 643 3047; x_wconf 74' lang='lat'><strong>2</strong></span> <span class='ocrx_word' id='word_1_465' title='bbox 716 2998 746 3048; x_wconf 85' lang='lat'>31</span> <span class='ocrx_word' id='word_1_466' title='bbox 793 2992 816 3025; x_wconf 64' lang='grc' dir='ltr'>ἵ·</span> 
     </span>
    </p>

    <p class='ocr_par' dir='ltr' id='par_1_12' title="bbox 184 3066 750 3122">
     <span class='ocr_line' id='line_1_39' title="bbox 184 3066 750 3122; baseline -0.005 -1"><span class='ocrx_word' id='word_1_467' title='bbox 184 3066 220 3122; x_wconf 85' lang='lat' dir='ltr'>lo</span> <span class='ocrx_word' id='word_1_468' title='bbox 291 3068 324 3121; x_wconf 86' lang='grc'>18</span> <span class='ocrx_word' id='word_1_469' title='bbox 398 3067 430 3120; x_wconf 85' lang='lat' dir='ltr'>to</span> <span class='ocrx_word' id='word_1_470' title='bbox 520 3069 536 3119; x_wconf 77' lang='grc'>1</span> <span class='ocrx_word' id='word_1_471' title='bbox 627 3068 642 3119; x_wconf 84' lang='grc'><strong>3</strong></span> <span class='ocrx_word' id='word_1_472' title='bbox 716 3068 750 3118; x_wconf 74' lang='grc'>31</span> 
     </span>
    </p>

    <p class='ocr_par' dir='ltr' id='par_1_13' title="bbox 184 3129 1513 3206">
     <span class='ocr_line' id='line_1_40' title="bbox 184 3129 1513 3206; baseline -0.005 -15"><span class='ocrx_word' id='word_1_473' title='bbox 184 3139 218 3191; x_wconf 71' lang='lat' dir='ltr'>ab</span> <span class='ocrx_word' id='word_1_474' title='bbox 292 3139 324 3191; x_wconf 84' lang='grc'>33</span> <span class='ocrx_word' id='word_1_475' title='bbox 417 3140 428 3190; x_wconf 88' lang='grc'>1</span> <span class='ocrx_word' id='word_1_476' title='bbox 506 3142 539 3192; x_wconf 90' lang='grc'>17</span> <span class='ocrx_word' id='word_1_477' title='bbox 616 3141 645 3191; x_wconf 78' lang='lat' dir='ltr'>td</span> <span class='ocrx_word' id='word_1_478' title='bbox 719 3138 753 3194; x_wconf 84' lang='lat' dir='ltr'>ab</span> <span class='ocrx_word' id='word_1_479' title='bbox 791 3136 896 3206; x_wconf 82' lang='lat' dir='ltr'>(than.)</span> <span class='ocrx_word' id='word_1_480' title='bbox 912 3131 1026 3190; x_wconf 90' lang='lat' dir='ltr'>amasis</span> <span class='ocrx_word' id='word_1_481' title='bbox 1042 3134 1221 3203; x_wconf 80' lang='lat' dir='ltr'>rexAEgypt.</span> <span class='ocrx_word' id='word_1_482' title='bbox 1240 3129 1371 3202; x_wconf 87' lang='lat' dir='ltr'>regnavit</span> <span class='ocrx_word' id='word_1_483' title='bbox 1387 3145 1453 3188; x_wconf 91' lang='lat' dir='ltr'>ann.</span> <span class='ocrx_word' id='word_1_484' title='bbox 1470 3131 1513 3186; x_wconf 85' lang='lat' dir='ltr'>ta.</span> 
     </span>
    </p>

    <p class='ocr_par' dir='ltr' id='par_1_14' title="bbox 184 3204 1534 3329">
     <span class='ocr_line' id='line_1_41' title="bbox 184 3204 1534 3329; baseline -0.004 -67"><span class='ocrx_word' id='word_1_485' title='bbox 184 3211 219 3262; x_wconf 77' lang='grc'>29</span> <span class='ocrx_word' id='word_1_486' title='bbox 292 3209 325 3262; x_wconf 83' lang='grc'>37</span> <span class='ocrx_word' id='word_1_487' title='bbox 415 3210 432 3329; x_wconf 59' lang='lat' dir='ltr'>g</span> <span class='ocrx_word' id='word_1_488' title='bbox 504 3210 535 3263; x_wconf 72' lang='lat' dir='ltr'>Pl</span> <span class='ocrx_word' id='word_1_489' title='bbox 610 3211 645 3262; x_wconf 71' lang='lat' dir='ltr'>aa</span> <span class='ocrx_word' id='word_1_490' title='bbox 740 3213 917 3277; x_wconf 85' lang='lat' dir='ltr'>lcroesus,</span> <span class='ocrx_word' id='word_1_491' title='bbox 936 3221 987 3261; x_wconf 91' lang='lat' dir='ltr'>rex</span> <span class='ocrx_word' id='word_1_492' title='bbox 1003 3204 1144 3276; x_wconf 76' lang='lat' dir='ltr'>Lydorum</span> <span class='ocrx_word' id='word_1_493' title='bbox 1161 3204 1291 3274; x_wconf 87' lang='lat' dir='ltr'>ultimus,</span> <span class='ocrx_word' id='word_1_494' title='bbox 1308 3218 1387 3274; x_wconf 88' lang='lat' dir='ltr'>regn.</span> <span class='ocrx_word' id='word_1_495' title='bbox 1406 3217 1472 3259; x_wconf 89' lang='lat' dir='ltr'>anu.</span> <span class='ocrx_word' id='word_1_496' title='bbox 1488 3205 1534 3257; x_wconf 68' lang='lat' dir='ltr'>ab.</span> 
     </span>
    </p>

    <p class='ocr_par' dir='ltr' id='par_1_15' title="bbox 108 3341 1850 4774">
     <span class='ocr_line' id='line_1_42' title="bbox 188 3341 1847 3418; baseline -0.002 -17"><span class='ocrx_word' id='word_1_497' title='bbox 188 3349 278 3418; x_wconf 81' lang='lat' dir='ltr'>(tono.</span> <span class='ocrx_word' id='word_1_498' title='bbox 296 3379 330 3387; x_wconf 91' lang='lat'>--</span> <span class='ocrx_word' id='word_1_499' title='bbox 347 3349 439 3416; x_wconf 84' lang='lat' dir='ltr'>than.)</span> <span class='ocrx_word' id='word_1_500' title='bbox 457 3350 548 3417; x_wconf 75' lang='lat' dir='ltr'>t&#39;yrns</span> <span class='ocrx_word' id='word_1_501' title='bbox 565 3350 653 3404; x_wconf 78' lang='lat' dir='ltr'>Persa</span> <span class='ocrx_word' id='word_1_502' title='bbox 669 3349 816 3409; x_wconf 81' lang='lat' dir='ltr'>bladorum</span> <span class='ocrx_word' id='word_1_503' title='bbox 833 3349 978 3406; x_wconf 83' lang='lat' dir='ltr'>destruxit</span> <span class='ocrx_word' id='word_1_504' title='bbox 997 3347 1159 3417; x_wconf 89' lang='lat' dir='ltr'>imperium,</span> <span class='ocrx_word' id='word_1_505' title='bbox 1177 3346 1252 3417; x_wconf 90' lang='lat' dir='ltr'>quod</span> <span class='ocrx_word' id='word_1_506' title='bbox 1271 3351 1394 3402; x_wconf 89' lang='lat' dir='ltr'>steterat</span> <span class='ocrx_word' id='word_1_507' title='bbox 1410 3359 1461 3417; x_wconf 89' lang='lat' dir='ltr'>pei·</span> <span class='ocrx_word' id='word_1_508' title='bbox 1476 3358 1567 3400; x_wconf 92' lang='lat' dir='ltr'>annos</span> <span class='ocrx_word' id='word_1_509' title='bbox 1580 3345 1634 3400; x_wconf 72' lang='lat' dir='ltr'>aab</span> <span class='ocrx_word' id='word_1_510' title='bbox 1658 3341 1716 3399; x_wconf 91' lang='lat' dir='ltr'>sub</span> <span class='ocrx_word' id='word_1_511' title='bbox 1733 3343 1847 3414; x_wconf 88' lang='lat' dir='ltr'>regibus</span> 
     </span>
     <span class='ocr_line' id='line_1_43' title="bbox 150 3415 1848 3494; baseline -0.002 -19"><span class='ocrx_word' id='word_1_512' title='bbox 150 3422 226 3486; x_wconf 89' lang='lat' dir='ltr'>octo,</span> <span class='ocrx_word' id='word_1_513' title='bbox 242 3419 481 3487; x_wconf 79' lang='lat' dir='ltr'>transferensque</span> <span class='ocrx_word' id='word_1_514' title='bbox 499 3417 568 3473; x_wconf 92' lang='lat' dir='ltr'>illud</span> <span class='ocrx_word' id='word_1_515' title='bbox 582 3419 616 3474; x_wconf 90' lang='lat' dir='ltr'>ad</span> <span class='ocrx_word' id='word_1_516' title='bbox 630 3423 742 3484; x_wconf 81' lang='lat' dir='ltr'>Persas,</span> <span class='ocrx_word' id='word_1_517' title='bbox 757 3422 889 3491; x_wconf 81' lang='lat' dir='ltr'>regnavit</span> <span class='ocrx_word' id='word_1_518' title='bbox 902 3420 964 3490; x_wconf 87' lang='lat' dir='ltr'>ipse</span> <span class='ocrx_word' id='word_1_519' title='bbox 977 3419 1014 3474; x_wconf 91' lang='lat' dir='ltr'>ibi</span> <span class='ocrx_word' id='word_1_520' title='bbox 1026 3420 1136 3490; x_wconf 91' lang='lat' dir='ltr'>primus</span> <span class='ocrx_word' id='word_1_521' title='bbox 1148 3418 1230 3472; x_wconf 90' lang='lat' dir='ltr'>aunis</span> <span class='ocrx_word' id='word_1_522' title='bbox 1243 3417 1372 3487; x_wconf 84' lang='lat' dir='ltr'>triginta,</span> <span class='ocrx_word' id='word_1_523' title='bbox 1386 3432 1400 3472; x_wconf 92' lang='lat' dir='ltr'>a</span> <span class='ocrx_word' id='word_1_524' title='bbox 1412 3416 1563 3471; x_wconf 89' lang='lat' dir='ltr'>tricesimo</span> <span class='ocrx_word' id='word_1_525' title='bbox 1576 3415 1670 3494; x_wconf 84' lang='lat' dir='ltr'>primo</span> <span class='ocrx_word' id='word_1_526' title='bbox 1683 3427 1761 3472; x_wconf 89' lang='lat' dir='ltr'>anno</span> <span class='ocrx_word' id='word_1_527' title='bbox 1772 3416 1848 3471; x_wconf 83' lang='lat' dir='ltr'>deso</span> 
     </span>
     <span class='ocr_line' id='line_1_44' title="bbox 150 3487 1850 3562; baseline -0.002 -18"><span class='ocrx_word' id='word_1_528' title='bbox 150 3488 270 3548; x_wconf 87' lang='lat' dir='ltr'>lationis</span> <span class='ocrx_word' id='word_1_529' title='bbox 286 3488 384 3560; x_wconf 91' lang='lat' dir='ltr'>templi</span> <span class='ocrx_word' id='word_1_530' title='bbox 398 3490 535 3558; x_wconf 88' lang='lat' dir='ltr'>usquead</span> <span class='ocrx_word' id='word_1_531' title='bbox 548 3492 759 3560; x_wconf 82' lang='lat' dir='ltr'>sexagesimam</span> <span class='ocrx_word' id='word_1_532' title='bbox 772 3493 902 3562; x_wconf 81' lang='lat' dir='ltr'>rjiisdcm</span> <span class='ocrx_word' id='word_1_533' title='bbox 915 3489 1115 3546; x_wconf 87' lang='lat' dir='ltr'>deselationis.</span> <span class='ocrx_word' id='word_1_534' title='bbox 1127 3487 1259 3554; x_wconf 80' lang='lat' dir='ltr'>Qualiter</span> <span class='ocrx_word' id='word_1_535' title='bbox 1270 3494 1365 3544; x_wconf 91' lang='lat' dir='ltr'>antem</span> <span class='ocrx_word' id='word_1_536' title='bbox 1377 3489 1412 3544; x_wconf 94' lang='lat' dir='ltr'>ad</span> <span class='ocrx_word' id='word_1_537' title='bbox 1423 3489 1528 3543; x_wconf 86' lang='lat' dir='ltr'>Persas</span> <span class='ocrx_word' id='word_1_538' title='bbox 1539 3491 1652 3541; x_wconf 91' lang='lat' dir='ltr'>venerit</span> <span class='ocrx_word' id='word_1_539' title='bbox 1663 3498 1786 3555; x_wconf 86' lang='lat' dir='ltr'>regnum</span> <span class='ocrx_word' id='word_1_540' title='bbox 1798 3487 1850 3541; x_wconf 88' lang='lat' dir='ltr'>ble-</span> 
     </span>
     <span class='ocr_line' id='line_1_45' title="bbox 151 3554 1848 3629; baseline -0.004 -13"><span class='ocrx_word' id='word_1_541' title='bbox 151 3559 262 3629; x_wconf 90' lang='lat' dir='ltr'>derum,</span> <span class='ocrx_word' id='word_1_542' title='bbox 276 3559 457 3615; x_wconf 88' lang='lat' dir='ltr'>dissonantia</span> <span class='ocrx_word' id='word_1_543' title='bbox 471 3560 601 3628; x_wconf 80' lang='lat' dir='ltr'>quadam</span> <span class='ocrx_word' id='word_1_544' title='bbox 617 3568 664 3618; x_wconf 87' lang='lat' dir='ltr'>est</span> <span class='ocrx_word' id='word_1_545' title='bbox 680 3563 878 3621; x_wconf 89' lang='lat' dir='ltr'>historiarum.</span> <span class='ocrx_word' id='word_1_546' title='bbox 893 3561 1013 3627; x_wconf 81' lang='lat' dir='ltr'>Qiiiilam</span> <span class='ocrx_word' id='word_1_547' title='bbox 1025 3562 1100 3616; x_wconf 90' lang='lat' dir='ltr'>enini</span> <span class='ocrx_word' id='word_1_548' title='bbox 1113 3561 1154 3616; x_wconf 91' lang='lat' dir='ltr'>sic</span> <span class='ocrx_word' id='word_1_549' title='bbox 1164 3559 1297 3614; x_wconf 89' lang='lat' dir='ltr'>scribunt</span> <span class='ocrx_word' id='word_1_550' title='bbox 1309 3558 1407 3628; x_wconf 85' lang='lat' dir='ltr'>(Ovios.</span> <span class='ocrx_word' id='word_1_551' title='bbox 1421 3574 1439 3627; x_wconf 88' lang='grc' dir='ltr'>ι,</span> <span class='ocrx_word' id='word_1_552' title='bbox 1459 3563 1524 3628; x_wconf 66' lang='lat' dir='ltr'>aba.</span> <span class='ocrx_word' id='word_1_553' title='bbox 1538 3554 1681 3626; x_wconf 73' lang='lat' dir='ltr'>astiages,</span> <span class='ocrx_word' id='word_1_554' title='bbox 1696 3556 1848 3613; x_wconf 71' lang='grc'><strong>001111010-</strong></span> 
     </span>
     <span class='ocr_line' id='line_1_46' title="bbox 150 3627 1848 3708; baseline -0.004 -21"><span class='ocrx_word' id='word_1_555' title='bbox 150 3646 214 3687; x_wconf 94' lang='lat' dir='ltr'>rum</span> <span class='ocrx_word' id='word_1_556' title='bbox 230 3630 362 3699; x_wconf 89' lang='lat' dir='ltr'>ultimus,</span> <span class='ocrx_word' id='word_1_557' title='bbox 381 3629 456 3684; x_wconf 90' lang='lat' dir='ltr'>virili</span> <span class='ocrx_word' id='word_1_558' title='bbox 472 3630 554 3699; x_wconf 89' lang='lat' dir='ltr'>prole</span> <span class='ocrx_word' id='word_1_559' title='bbox 570 3646 690 3702; x_wconf 77' lang='lat' dir='ltr'>vacuum,</span> <span class='ocrx_word' id='word_1_560' title='bbox 709 3637 812 3707; x_wconf 70' lang='lat' dir='ltr'>Cyrum</span> <span class='ocrx_word' id='word_1_561' title='bbox 830 3636 963 3705; x_wconf 88' lang='lat' dir='ltr'>nepotem</span> <span class='ocrx_word' id='word_1_562' title='bbox 980 3633 1054 3703; x_wconf 92' lang='lat' dir='ltr'>apud</span> <span class='ocrx_word' id='word_1_563' title='bbox 1071 3634 1173 3686; x_wconf 86' lang='lat' dir='ltr'>Persas</span> <span class='ocrx_word' id='word_1_564' title='bbox 1187 3631 1316 3700; x_wconf 88' lang='lat' dir='ltr'>genitum</span> <span class='ocrx_word' id='word_1_565' title='bbox 1335 3630 1445 3686; x_wconf 87' lang='lat' dir='ltr'>habuit.</span> <span class='ocrx_word' id='word_1_566' title='bbox 1457 3630 1511 3684; x_wconf 84' lang='lat' dir='ltr'>Sed</span> <span class='ocrx_word' id='word_1_567' title='bbox 1528 3629 1744 3707; x_wconf 26' lang='lat' dir='ltr'>Cyrusumoxtut</span> <span class='ocrx_word' id='word_1_568' title='bbox 1756 3627 1848 3708; x_wconf 79' lang='lat' dir='ltr'>adole</span> 
     </span>
     <span class='ocr_line' id='line_1_47' title="bbox 150 3697 1848 3771; baseline -0.002 -13"><span class='ocrx_word' id='word_1_569' title='bbox 150 3702 202 3768; x_wconf 90' lang='lat' dir='ltr'>vit,</span> <span class='ocrx_word' id='word_1_570' title='bbox 220 3704 396 3771; x_wconf 85' lang='lat' dir='ltr'>congregata</span> <span class='ocrx_word' id='word_1_571' title='bbox 413 3703 566 3757; x_wconf 88' lang='lat' dir='ltr'>Persarum</span> <span class='ocrx_word' id='word_1_572' title='bbox 584 3719 678 3767; x_wconf 83' lang='lat' dir='ltr'>iiianu.</span> <span class='ocrx_word' id='word_1_573' title='bbox 697 3707 840 3763; x_wconf 86' lang='lat' dir='ltr'>aviinculo</span> <span class='ocrx_word' id='word_1_574' title='bbox 854 3711 1001 3760; x_wconf 84' lang='lat' dir='ltr'>certamen</span> <span class='ocrx_word' id='word_1_575' title='bbox 1019 3703 1132 3757; x_wconf 86' lang='lat' dir='ltr'>indixit.</span> <span class='ocrx_word' id='word_1_576' title='bbox 1148 3704 1237 3755; x_wconf 89' lang='lat' dir='ltr'>Porro</span> <span class='ocrx_word' id='word_1_577' title='bbox 1254 3701 1387 3770; x_wconf 88' lang='lat' dir='ltr'>astiages</span> <span class='ocrx_word' id='word_1_578' title='bbox 1398 3700 1509 3756; x_wconf 90' lang='lat' dir='ltr'>oblitus</span> <span class='ocrx_word' id='word_1_579' title='bbox 1523 3697 1646 3755; x_wconf 88' lang='lat' dir='ltr'>sceleris</span> <span class='ocrx_word' id='word_1_580' title='bbox 1658 3712 1717 3768; x_wconf 93' lang='lat' dir='ltr'>sui,</span> <span class='ocrx_word' id='word_1_581' title='bbox 1730 3699 1808 3770; x_wconf 93' lang='lat' dir='ltr'>quod</span> <span class='ocrx_word' id='word_1_582' title='bbox 1821 3712 1848 3753; x_wconf 87' lang='lat' dir='ltr'>iu</span> 
     </span>
     <span class='ocr_line' id='line_1_48' title="bbox 150 3769 1847 3848; baseline -0.004 -18"><span class='ocrx_word' id='word_1_583' title='bbox 150 3773 288 3846; x_wconf 89' lang='lat' dir='ltr'>arpalum</span> <span class='ocrx_word' id='word_1_584' title='bbox 306 3772 414 3828; x_wconf 90' lang='lat' dir='ltr'>dudum</span> <span class='ocrx_word' id='word_1_585' title='bbox 426 3772 563 3828; x_wconf 91' lang='lat' dir='ltr'>amiserat</span> <span class='ocrx_word' id='word_1_586' title='bbox 575 3790 638 3829; x_wconf 91' lang='lat' dir='ltr'>euni</span> <span class='ocrx_word' id='word_1_587' title='bbox 654 3776 741 3832; x_wconf 90' lang='lat' dir='ltr'>tilium</span> <span class='ocrx_word' id='word_1_588' title='bbox 753 3779 816 3848; x_wconf 85' lang='lat' dir='ltr'>ejiis</span> <span class='ocrx_word' id='word_1_589' title='bbox 830 3778 945 3832; x_wconf 85' lang='lat' dir='ltr'>iiiiieum</span> <span class='ocrx_word' id='word_1_590' title='bbox 956 3780 985 3830; x_wconf 90' lang='lat' dir='ltr'>et</span> <span class='ocrx_word' id='word_1_591' title='bbox 996 3772 1145 3846; x_wconf 84' lang='lat' dir='ltr'>parruliini</span> <span class='ocrx_word' id='word_1_592' title='bbox 1158 3772 1303 3827; x_wconf 86' lang='lat' dir='ltr'>interiecit</span> <span class='ocrx_word' id='word_1_593' title='bbox 1316 3771 1550 3843; x_wconf 86' lang='lat' dir='ltr'>epulandumque</span> <span class='ocrx_word' id='word_1_594' title='bbox 1563 3769 1638 3840; x_wconf 88' lang='lat' dir='ltr'>patri</span> <span class='ocrx_word' id='word_1_595' title='bbox 1650 3770 1801 3840; x_wconf 88' lang='lat' dir='ltr'>apposuit,</span> <span class='ocrx_word' id='word_1_596' title='bbox 1816 3781 1847 3824; x_wconf 88' lang='lat' dir='ltr'>ae</span> 
     </span>
     <span class='ocr_line' id='line_1_49' title="bbox 149 3840 1848 3921; baseline -0.004 -21"><span class='ocrx_word' id='word_1_597' title='bbox 149 3858 185 3900; x_wconf 90' lang='lat' dir='ltr'>no</span> <span class='ocrx_word' id='word_1_598' title='bbox 202 3844 269 3914; x_wconf 91' lang='lat' dir='ltr'>quid</span> <span class='ocrx_word' id='word_1_599' title='bbox 287 3842 494 3899; x_wconf 76' lang='lat' dir='ltr'>infelicissime</span> <span class='ocrx_word' id='word_1_600' title='bbox 510 3845 630 3900; x_wconf 88' lang='lat' dir='ltr'>orbitati</span> <span class='ocrx_word' id='word_1_601' title='bbox 644 3847 710 3903; x_wconf 90' lang='lat' dir='ltr'>lelix</span> <span class='ocrx_word' id='word_1_602' title='bbox 724 3849 886 3917; x_wconf 81' lang='lat' dir='ltr'>ignorantia</span> <span class='ocrx_word' id='word_1_603' title='bbox 899 3843 1338 3913; x_wconf 85' lang='lat' dir='ltr'>subtraberet,intaincsepulas</span> <span class='ocrx_word' id='word_1_604' title='bbox 1348 3842 1476 3898; x_wconf 88' lang='lat' dir='ltr'>ostensis</span> <span class='ocrx_word' id='word_1_605' title='bbox 1486 3840 1562 3921; x_wconf 88' lang='lat' dir='ltr'>patri</span> <span class='ocrx_word' id='word_1_606' title='bbox 1572 3854 1637 3896; x_wconf 88' lang='lat' dir='ltr'>cum</span> <span class='ocrx_word' id='word_1_607' title='bbox 1651 3840 1752 3910; x_wconf 87' lang='lat' dir='ltr'>capite</span> <span class='ocrx_word' id='word_1_608' title='bbox 1764 3841 1848 3897; x_wconf 83' lang='lat' dir='ltr'>maai·</span> 
     </span>
     <span class='ocr_line' id='line_1_50' title="bbox 150 3911 1847 3988; baseline -0.002 -17"><span class='ocrx_word' id='word_1_609' title='bbox 150 3915 205 3971; x_wconf 89' lang='lat' dir='ltr'>bus</span> <span class='ocrx_word' id='word_1_610' title='bbox 223 3914 442 3988; x_wconf 81' lang='lat' dir='ltr'>improperavit,</span> <span class='ocrx_word' id='word_1_611' title='bbox 455 3915 540 3984; x_wconf 88' lang='lat' dir='ltr'>liujus</span> <span class='ocrx_word' id='word_1_612' title='bbox 556 3917 669 3985; x_wconf 87' lang='lat' dir='ltr'>inquam</span> <span class='ocrx_word' id='word_1_613' title='bbox 689 3920 754 3974; x_wconf 89' lang='lat' dir='ltr'>laeti</span> <span class='ocrx_word' id='word_1_614' title='bbox 772 3920 929 3988; x_wconf 89' lang='lat' dir='ltr'>immemor,</span> <span class='ocrx_word' id='word_1_615' title='bbox 948 3916 1001 3987; x_wconf 92' lang='lat' dir='ltr'>ipsi</span> <span class='ocrx_word' id='word_1_616' title='bbox 1017 3916 1123 3986; x_wconf 92' lang='lat' dir='ltr'>arpalo</span> <span class='ocrx_word' id='word_1_617' title='bbox 1135 3928 1274 3970; x_wconf 90' lang='lat' dir='ltr'>sumniam</span> <span class='ocrx_word' id='word_1_618' title='bbox 1289 3913 1521 3969; x_wconf 88' lang='lat' dir='ltr'>bellieoinmisit.</span> <span class='ocrx_word' id='word_1_619' title='bbox 1535 3911 1588 3978; x_wconf 84' lang='lat' dir='ltr'>Qui</span> <span class='ocrx_word' id='word_1_620' title='bbox 1600 3915 1847 3982; x_wconf 83' lang='lat' dir='ltr'>aceeptumexer·</span> 
     </span>
     <span class='ocr_line' id='line_1_51' title="bbox 148 3982 1846 4058; baseline -0.004 -15"><span class='ocrx_word' id='word_1_621' title='bbox 148 3982 1846 4058; x_wconf 75' lang='lat' dir='ltr'>citumstatinicyropei·proditionemti·adidit.Quoeoinpertoastiagesraptissecumcopils,iiiPersasipsepro</span> 
     </span>
     <span class='ocr_line' id='line_1_52' title="bbox 147 4051 1848 4136; baseline -0.004 -23"><span class='ocrx_word' id='word_1_622' title='bbox 147 4056 291 4115; x_wconf 87' lang='lat' dir='ltr'>llelseitur</span> <span class='ocrx_word' id='word_1_623' title='bbox 306 4062 512 4136; x_wconf 88' lang='lat' dir='ltr'>certamenque</span> <span class='ocrx_word' id='word_1_624' title='bbox 529 4059 627 4114; x_wconf 90' lang='lat' dir='ltr'>aerius</span> <span class='ocrx_word' id='word_1_625' title='bbox 640 4060 794 4125; x_wconf 85' lang='lat' dir='ltr'>instaurat,</span> <span class='ocrx_word' id='word_1_626' title='bbox 808 4059 956 4132; x_wconf 90' lang='lat' dir='ltr'>proposito</span> <span class='ocrx_word' id='word_1_627' title='bbox 968 4058 1030 4113; x_wconf 92' lang='lat' dir='ltr'>suis</span> <span class='ocrx_word' id='word_1_628' title='bbox 1042 4063 1131 4120; x_wconf 88' lang='lat' dir='ltr'>nictu,</span> <span class='ocrx_word' id='word_1_629' title='bbox 1143 4057 1166 4111; x_wconf 90' lang='lat' dir='ltr'>si</span> <span class='ocrx_word' id='word_1_630' title='bbox 1180 4057 1271 4125; x_wconf 91' lang='lat' dir='ltr'>quise</span> <span class='ocrx_word' id='word_1_631' title='bbox 1284 4055 1499 4126; x_wconf 85' lang='lat' dir='ltr'>praelioeedere</span> <span class='ocrx_word' id='word_1_632' title='bbox 1511 4051 1848 4122; x_wconf 68' lang='lat' dir='ltr'>moliretunierroexci·</span> 
     </span>
     <span class='ocr_line' id='line_1_53' title="bbox 148 4126 1847 4202; baseline -0.004 -18"><span class='ocrx_word' id='word_1_633' title='bbox 148 4135 277 4200; x_wconf 89' lang='lat' dir='ltr'>peretur.</span> <span class='ocrx_word' id='word_1_634' title='bbox 292 4129 354 4195; x_wconf 86' lang='lat' dir='ltr'>Qua</span> <span class='ocrx_word' id='word_1_635' title='bbox 363 4133 539 4184; x_wconf 88' lang='lat' dir='ltr'>necessitate</span> <span class='ocrx_word' id='word_1_636' title='bbox 551 4129 660 4186; x_wconf 86' lang='lat' dir='ltr'>acriter</span> <span class='ocrx_word' id='word_1_637' title='bbox 672 4133 869 4202; x_wconf 78' lang='lat' dir='ltr'>pugnantibus</span> <span class='ocrx_word' id='word_1_638' title='bbox 880 4130 979 4190; x_wconf 82' lang='lat' dir='ltr'>aledis.</span> <span class='ocrx_word' id='word_1_639' title='bbox 988 4143 1053 4185; x_wconf 90' lang='lat' dir='ltr'>cuni</span> <span class='ocrx_word' id='word_1_640' title='bbox 1063 4130 1159 4183; x_wconf 80' lang='lat' dir='ltr'>Persae</span> <span class='ocrx_word' id='word_1_641' title='bbox 1170 4126 1310 4197; x_wconf 89' lang='lat' dir='ltr'>paulatim</span> <span class='ocrx_word' id='word_1_642' title='bbox 1320 4126 1457 4182; x_wconf 87' lang='lat' dir='ltr'>cederent</span> <span class='ocrx_word' id='word_1_643' title='bbox 1471 4132 1579 4180; x_wconf 88' lang='lat' dir='ltr'>matres</span> <span class='ocrx_word' id='word_1_644' title='bbox 1589 4127 1619 4178; x_wconf 91' lang='lat' dir='ltr'>ot</span> <span class='ocrx_word' id='word_1_645' title='bbox 1631 4138 1847 4182; x_wconf 86' lang='lat' dir='ltr'>uxoreseerum</span> 
     </span>
     <span class='ocr_line' id='line_1_54' title="bbox 148 4194 1847 4273; baseline -0.001 -22"><span class='ocrx_word' id='word_1_646' title='bbox 148 4201 456 4267; x_wconf 85' lang='lat' dir='ltr'>eisobviameurriint,</span> <span class='ocrx_word' id='word_1_647' title='bbox 466 4203 623 4256; x_wconf 91' lang='lat' dir='ltr'>orantesut</span> <span class='ocrx_word' id='word_1_648' title='bbox 632 4204 659 4256; x_wconf 91' lang='lat' dir='ltr'>iu</span> <span class='ocrx_word' id='word_1_649' title='bbox 672 4203 802 4273; x_wconf 81' lang='lat' dir='ltr'>praelium</span> <span class='ocrx_word' id='word_1_650' title='bbox 816 4199 1321 4267; x_wconf 81' lang='lat' dir='ltr'>reverterentur,cunctantibusque</span> <span class='ocrx_word' id='word_1_651' title='bbox 1331 4196 1446 4253; x_wconf 91' lang='lat' dir='ltr'>subalta</span> <span class='ocrx_word' id='word_1_652' title='bbox 1459 4200 1540 4252; x_wconf 89' lang='lat' dir='ltr'>veste</span> <span class='ocrx_word' id='word_1_653' title='bbox 1551 4194 1680 4251; x_wconf 90' lang='lat' dir='ltr'>obscena</span> <span class='ocrx_word' id='word_1_654' title='bbox 1692 4208 1847 4269; x_wconf 87' lang='lat' dir='ltr'>corporum</span> 
     </span>
     <span class='ocr_line' id='line_1_55' title="bbox 147 4265 1846 4396; baseline -0.004 -68"><span class='ocrx_word' id='word_1_655' title='bbox 147 4270 319 4338; x_wconf 90' lang='lat' dir='ltr'>ostendunt,</span> <span class='ocrx_word' id='word_1_656' title='bbox 328 4275 567 4396; x_wconf 58' lang='lat' dir='ltr'>ffiiaerentesnum</span> <span class='ocrx_word' id='word_1_657' title='bbox 576 4272 602 4326; x_wconf 90' lang='lat' dir='ltr'>iii</span> <span class='ocrx_word' id='word_1_658' title='bbox 612 4278 713 4329; x_wconf 89' lang='lat' dir='ltr'>uteros</span> <span class='ocrx_word' id='word_1_659' title='bbox 722 4278 845 4330; x_wconf 83' lang='lat' dir='ltr'>aratrum</span> <span class='ocrx_word' id='word_1_660' title='bbox 857 4272 903 4328; x_wconf 92' lang='lat' dir='ltr'>vel</span> <span class='ocrx_word' id='word_1_661' title='bbox 915 4286 1035 4328; x_wconf 91' lang='lat' dir='ltr'>uxorum</span> <span class='ocrx_word' id='word_1_662' title='bbox 1048 4270 1182 4338; x_wconf 85' lang='lat' dir='ltr'>reingere</span> <span class='ocrx_word' id='word_1_663' title='bbox 1193 4269 1311 4324; x_wconf 90' lang='lat' dir='ltr'>vellent.</span> <span class='ocrx_word' id='word_1_664' title='bbox 1320 4268 1382 4334; x_wconf 86' lang='lat' dir='ltr'>Quo</span> <span class='ocrx_word' id='word_1_665' title='bbox 1395 4268 1471 4324; x_wconf 89' lang='lat' dir='ltr'>lacto</span> <span class='ocrx_word' id='word_1_666' title='bbox 1482 4266 1693 4346; x_wconf 78' lang='lat' dir='ltr'>erubescentes</span> <span class='ocrx_word' id='word_1_667' title='bbox 1704 4265 1846 4331; x_wconf 71' lang='lat' dir='ltr'>Perseum</span> 
     </span>
     <span class='ocr_line' id='line_1_56' title="bbox 148 4337 1848 4464; baseline -0.002 -67"><span class='ocrx_word' id='word_1_668' title='bbox 148 4341 280 4413; x_wconf 72' lang='lat' dir='ltr'>praelium</span> <span class='ocrx_word' id='word_1_669' title='bbox 293 4356 324 4397; x_wconf 91' lang='lat' dir='ltr'>ro</span> <span class='ocrx_word' id='word_1_670' title='bbox 347 4346 427 4410; x_wconf 89' lang='lat' dir='ltr'>eunt,</span> <span class='ocrx_word' id='word_1_671' title='bbox 436 4345 464 4395; x_wconf 92' lang='lat' dir='ltr'>et</span> <span class='ocrx_word' id='word_1_672' title='bbox 479 4341 669 4411; x_wconf 88' lang='lat' dir='ltr'>impressione</span> <span class='ocrx_word' id='word_1_673' title='bbox 682 4345 767 4415; x_wconf 88' lang='lat' dir='ltr'>lacta,</span> <span class='ocrx_word' id='word_1_674' title='bbox 777 4360 850 4416; x_wconf 90' lang='lat' dir='ltr'>quos</span> <span class='ocrx_word' id='word_1_675' title='bbox 863 4344 1011 4412; x_wconf 74' lang='lat' dir='ltr'>fugiebant</span> <span class='ocrx_word' id='word_1_676' title='bbox 1024 4341 1123 4410; x_wconf 85' lang='lat' dir='ltr'>lugere</span> <span class='ocrx_word' id='word_1_677' title='bbox 1133 4340 1319 4411; x_wconf 83' lang='lat' dir='ltr'>compellunt.</span> <span class='ocrx_word' id='word_1_678' title='bbox 1331 4340 1371 4395; x_wconf 91' lang='lat' dir='ltr'>lbi</span> <span class='ocrx_word' id='word_1_679' title='bbox 1382 4344 1452 4396; x_wconf 92' lang='lat' dir='ltr'>tune</span> <span class='ocrx_word' id='word_1_680' title='bbox 1463 4337 1598 4407; x_wconf 75' lang='lat' dir='ltr'>astiages</span> <span class='ocrx_word' id='word_1_681' title='bbox 1608 4337 1848 4464; x_wconf 56' lang='lat' dir='ltr'>cagituneniCp·</span> 
     </span>
     <span class='ocr_line' id='line_1_57' title="bbox 148 4407 1846 4485; baseline -0.002 -17"><span class='ocrx_word' id='word_1_682' title='bbox 148 4427 199 4470; x_wconf 89' lang='lat' dir='ltr'>rus</span> <span class='ocrx_word' id='word_1_683' title='bbox 215 4411 302 4469; x_wconf 89' lang='lat' dir='ltr'>nichil</span> <span class='ocrx_word' id='word_1_684' title='bbox 318 4411 396 4467; x_wconf 90' lang='lat' dir='ltr'>aliud</span> <span class='ocrx_word' id='word_1_685' title='bbox 415 4426 498 4480; x_wconf 90' lang='lat' dir='ltr'>quani</span> <span class='ocrx_word' id='word_1_686' title='bbox 516 4426 633 4482; x_wconf 88' lang='lat' dir='ltr'>regnum</span> <span class='ocrx_word' id='word_1_687' title='bbox 645 4415 778 4481; x_wconf 89' lang='lat' dir='ltr'>abstulit,</span> <span class='ocrx_word' id='word_1_688' title='bbox 793 4429 917 4485; x_wconf 88' lang='lat' dir='ltr'>eumque</span> <span class='ocrx_word' id='word_1_689' title='bbox 931 4413 1061 4469; x_wconf 78' lang='lat' dir='ltr'>inanimae</span> <span class='ocrx_word' id='word_1_690' title='bbox 1077 4413 1274 4481; x_wconf 79' lang='lat' dir='ltr'>llyrcnnoruni</span> <span class='ocrx_word' id='word_1_691' title='bbox 1289 4411 1369 4480; x_wconf 88' lang='lat' dir='ltr'>genti</span> <span class='ocrx_word' id='word_1_692' title='bbox 1384 4408 1545 4480; x_wconf 86' lang='lat' dir='ltr'>preposuit,</span> <span class='ocrx_word' id='word_1_693' title='bbox 1560 4407 1640 4464; x_wconf 88' lang='lat' dir='ltr'>luble</span> <span class='ocrx_word' id='word_1_694' title='bbox 1662 4408 1846 4480; x_wconf 87' lang='lat' dir='ltr'>osveroipse</span> 
     </span>
     <span class='ocr_line' id='line_1_58' title="bbox 147 4478 1847 4560; baseline -0.003 -21"><span class='ocrx_word' id='word_1_695' title='bbox 147 4483 245 4540; x_wconf 90' lang='lat' dir='ltr'>redire</span> <span class='ocrx_word' id='word_1_696' title='bbox 257 4482 361 4540; x_wconf 91' lang='lat' dir='ltr'>noluit.</span> <span class='ocrx_word' id='word_1_697' title='bbox 376 4483 402 4538; x_wconf 89' lang='lat' dir='ltr'>ls</span> <span class='ocrx_word' id='word_1_698' title='bbox 414 4482 479 4537; x_wconf 83' lang='lat' dir='ltr'>linis</span> <span class='ocrx_word' id='word_1_699' title='bbox 491 4482 602 4553; x_wconf 79' lang='lat' dir='ltr'>impia</span> <span class='ocrx_word' id='word_1_700' title='bbox 616 4485 763 4543; x_wconf 90' lang='lat' dir='ltr'>bledoruni</span> <span class='ocrx_word' id='word_1_701' title='bbox 775 4486 838 4543; x_wconf 85' lang='lat' dir='ltr'>luit.</span> <span class='ocrx_word' id='word_1_702' title='bbox 847 4486 901 4541; x_wconf 87' lang='lat' dir='ltr'>Sed</span> <span class='ocrx_word' id='word_1_703' title='bbox 914 4485 1134 4554; x_wconf 75' lang='lat' dir='ltr'>civitatesque</span> <span class='ocrx_word' id='word_1_704' title='bbox 1146 4480 1309 4538; x_wconf 86' lang='lat' dir='ltr'>tributariae</span> <span class='ocrx_word' id='word_1_705' title='bbox 1321 4481 1468 4537; x_wconf 86' lang='lat' dir='ltr'>bladorum</span> <span class='ocrx_word' id='word_1_706' title='bbox 1480 4478 1721 4560; x_wconf 31' lang='lat' dir='ltr'>luerunt,a,Gyro</span> <span class='ocrx_word' id='word_1_707' title='bbox 1736 4479 1847 4536; x_wconf 71' lang='lat' dir='ltr'>deiece-</span> 
     </span>
     <span class='ocr_line' id='line_1_59' title="bbox 147 4551 1848 4624; baseline -0.004 -15"><span class='ocrx_word' id='word_1_708' title='bbox 147 4558 215 4610; x_wconf 90' lang='lat' dir='ltr'>runt</span> <span class='ocrx_word' id='word_1_709' title='bbox 229 4570 236 4621; x_wconf 90' lang='lat'>;</span> <span class='ocrx_word' id='word_1_710' title='bbox 252 4567 316 4624; x_wconf 83' lang='lat' dir='ltr'>quac</span> <span class='ocrx_word' id='word_1_711' title='bbox 333 4567 379 4609; x_wconf 90' lang='lat' dir='ltr'>res</span> <span class='ocrx_word' id='word_1_712' title='bbox 395 4554 468 4624; x_wconf 76' lang='lat' dir='ltr'>Cyro</span> <span class='ocrx_word' id='word_1_713' title='bbox 485 4554 642 4610; x_wconf 89' lang='lat' dir='ltr'>multorum</span> <span class='ocrx_word' id='word_1_714' title='bbox 659 4556 801 4613; x_wconf 91' lang='lat' dir='ltr'>bellorum</span> <span class='ocrx_word' id='word_1_715' title='bbox 817 4571 905 4614; x_wconf 91' lang='lat' dir='ltr'>caiisa</span> <span class='ocrx_word' id='word_1_716' title='bbox 924 4556 975 4612; x_wconf 89' lang='lat' dir='ltr'>init</span> <span class='ocrx_word' id='word_1_717' title='bbox 991 4559 1020 4610; x_wconf 92' lang='lat' dir='ltr'>et</span> <span class='ocrx_word' id='word_1_718' title='bbox 1035 4554 1126 4623; x_wconf 79' lang='lat' dir='ltr'>origo.</span> <span class='ocrx_word' id='word_1_719' title='bbox 1139 4555 1231 4621; x_wconf 82' lang='lat' dir='ltr'>(llice.</span> <span class='ocrx_word' id='word_1_720' title='bbox 1242 4554 1276 4609; x_wconf 83' lang='lat' dir='ltr'>iri</span> <span class='ocrx_word' id='word_1_721' title='bbox 1288 4554 1366 4609; x_wconf 81' lang='lat' dir='ltr'>buc.</span> <span class='ocrx_word' id='word_1_722' title='bbox 1380 4567 1404 4608; x_wconf 89' lang='lat' dir='ltr'>o.</span> <span class='ocrx_word' id='word_1_723' title='bbox 1418 4553 1457 4624; x_wconf 86' lang='lat' dir='ltr'>r.)</span> <span class='ocrx_word' id='word_1_724' title='bbox 1469 4551 1515 4607; x_wconf 91' lang='lat' dir='ltr'>Sic</span> <span class='ocrx_word' id='word_1_725' title='bbox 1529 4551 1848 4620; x_wconf 85' lang='lat' dir='ltr'>PonipriusTroguset</span> 
     </span>
     <span class='ocr_line' id='line_1_60' title="bbox 146 4619 1848 4697; baseline -0.002 -17"><span class='ocrx_word' id='word_1_726' title='bbox 146 4619 1848 4697; x_wconf 72' lang='lat' dir='ltr'>aliiquidamtestantur.astalii.quibiisetiambeatushieronimusconsentirevidetur,dicuatastiagemmater·</span> 
     </span>
     <span class='ocr_line' id='line_1_61' title="bbox 108 4691 1847 4774; baseline -0.004 -20"><span class='ocrx_word' id='word_1_727' title='bbox 108 4743 113 4754; x_wconf 94' lang='lat'>.</span> <span class='ocrx_word' id='word_1_728' title='bbox 147 4711 213 4754; x_wconf 92' lang='lat' dir='ltr'>num</span> <span class='ocrx_word' id='word_1_729' title='bbox 231 4711 315 4753; x_wconf 91' lang='lat' dir='ltr'>avum</span> <span class='ocrx_word' id='word_1_730' title='bbox 334 4695 397 4765; x_wconf 81' lang='lat' dir='ltr'>Cyri</span> <span class='ocrx_word' id='word_1_731' title='bbox 415 4695 687 4765; x_wconf 68' lang='lat' dir='ltr'>misscabchem</span> <span class='ocrx_word' id='word_1_732' title='bbox 705 4699 832 4767; x_wconf 74' lang='lat' dir='ltr'>astiagis</span> <span class='ocrx_word' id='word_1_733' title='bbox 850 4699 938 4753; x_wconf 86' lang='lat' dir='ltr'>hlium</span> <span class='ocrx_word' id='word_1_734' title='bbox 953 4696 1088 4753; x_wconf 85' lang='lat' dir='ltr'>extitisse</span> <span class='ocrx_word' id='word_1_735' title='bbox 1102 4700 1130 4751; x_wconf 91' lang='lat' dir='ltr'>et</span> <span class='ocrx_word' id='word_1_736' title='bbox 1148 4694 1321 4751; x_wconf 92' lang='lat' dir='ltr'>avunculum</span> <span class='ocrx_word' id='word_1_737' title='bbox 1339 4694 1414 4757; x_wconf 68' lang='lat' dir='ltr'>C’ri,</span> <span class='ocrx_word' id='word_1_738' title='bbox 1428 4693 1477 4764; x_wconf 93' lang='lat' dir='ltr'>qui</span> <span class='ocrx_word' id='word_1_739' title='bbox 1491 4706 1556 4749; x_wconf 89' lang='lat' dir='ltr'>cum</span> <span class='ocrx_word' id='word_1_740' title='bbox 1572 4705 1606 4747; x_wconf 91' lang='lat' dir='ltr'>eo</span> <span class='ocrx_word' id='word_1_741' title='bbox 1623 4691 1803 4774; x_wconf 75' lang='lat' dir='ltr'>Babylonem</span> <span class='ocrx_word' id='word_1_742' title='bbox 1818 4695 1847 4747; x_wconf 88' lang='lat' dir='ltr'>et</span> 
     </span>
    </p>

    <p class='ocr_par' dir='ltr' id='par_1_16' title="bbox 145 4711 1866 5055">
     <span class='ocr_line' id='line_1_62' title="bbox 146 4711 1846 4844; baseline -0.004 -19"><span class='ocrx_word' id='word_1_743' title='bbox 146 4783 267 4840; x_wconf 86' lang='lat' dir='ltr'>regnum</span> <span class='ocrx_word' id='word_1_744' title='bbox 284 4765 475 4823; x_wconf 83' lang='lat' dir='ltr'>Chalaeoium</span> <span class='ocrx_word' id='word_1_745' title='bbox 490 4766 648 4839; x_wconf 84' lang='lat' dir='ltr'>dcsiiuxii,</span> <span class='ocrx_word' id='word_1_746' title='bbox 666 4784 699 4825; x_wconf 91' lang='lat' dir='ltr'>ae</span> <span class='ocrx_word' id='word_1_747' title='bbox 716 4785 767 4841; x_wconf 91' lang='lat' dir='ltr'>per</span> <span class='ocrx_word' id='word_1_748' title='bbox 784 4771 864 4826; x_wconf 90' lang='lat' dir='ltr'>illum</span> <span class='ocrx_word' id='word_1_749' title='bbox 882 4769 1028 4825; x_wconf 81' lang='lat' dir='ltr'>bladorum</span> <span class='ocrx_word' id='word_1_750' title='bbox 1045 4781 1163 4837; x_wconf 89' lang='lat' dir='ltr'>regnum</span> <span class='ocrx_word' id='word_1_751' title='bbox 1179 4765 1318 4822; x_wconf 90' lang='lat' dir='ltr'>estimant</span> <span class='ocrx_word' id='word_1_752' title='bbox 1334 4711 1374 4821; x_wconf 78' lang='lat' dir='ltr'>ad</span> <span class='ocrx_word' id='word_1_753' title='bbox 1386 4766 1490 4836; x_wconf 80' lang='lat' dir='ltr'>Cyrum</span> <span class='ocrx_word' id='word_1_754' title='bbox 1501 4762 1581 4844; x_wconf 76' lang='lat' dir='ltr'>velut</span> <span class='ocrx_word' id='word_1_755' title='bbox 1594 4761 1846 4834; x_wconf 75' lang='lat' dir='ltr'>hereditarioJ&#39;uro</span> 
     </span>
     <span class='ocr_line' id='line_1_63' title="bbox 146 4834 1866 4912; baseline -0.004 -16"><span class='ocrx_word' id='word_1_756' title='bbox 146 4839 327 4912; x_wconf 88' lang='lat' dir='ltr'>pervenisse.</span> <span class='ocrx_word' id='word_1_757' title='bbox 342 4839 423 4895; x_wconf 92' lang='lat' dir='ltr'>Unde</span> <span class='ocrx_word' id='word_1_758' title='bbox 437 4837 571 4895; x_wconf 75' lang='lat' dir='ltr'>iordanis</span> <span class='ocrx_word' id='word_1_759' title='bbox 586 4842 743 4911; x_wconf 89' lang='lat' dir='ltr'>episeopus</span> <span class='ocrx_word' id='word_1_760' title='bbox 758 4843 799 4899; x_wconf 88' lang='lat' dir='ltr'>sic</span> <span class='ocrx_word' id='word_1_761' title='bbox 816 4841 917 4897; x_wconf 89' lang='lat' dir='ltr'>scribit</span> <span class='ocrx_word' id='word_1_762' title='bbox 927 4839 986 4911; x_wconf 79' lang='lat' dir='ltr'>(ap.</span> <span class='ocrx_word' id='word_1_763' title='bbox 996 4840 1127 4908; x_wconf 86' lang='lat' dir='ltr'>bluii.l,p.</span> <span class='ocrx_word' id='word_1_764' title='bbox 1137 4840 1200 4908; x_wconf 73' lang='lat' dir='ltr'>aaa)</span> <span class='ocrx_word' id='word_1_765' title='bbox 1214 4857 1220 4891; x_wconf 75' lang='grc' dir='ltr'>ε</span> <span class='ocrx_word' id='word_1_766' title='bbox 1234 4839 1302 4892; x_wconf 90' lang='lat' dir='ltr'>Post</span> <span class='ocrx_word' id='word_1_767' title='bbox 1312 4842 1427 4907; x_wconf 87' lang='lat' dir='ltr'>captam</span> <span class='ocrx_word' id='word_1_768' title='bbox 1438 4834 1683 4891; x_wconf 88' lang='lat' dir='ltr'>llierosoluuama</span> <span class='ocrx_word' id='word_1_769' title='bbox 1696 4835 1846 4892; x_wconf 83' lang='lat' dir='ltr'>Nabueho</span> <span class='ocrx_word' id='word_1_770' title='bbox 1862 4895 1866 4901; x_wconf 19' lang='lat'><strong>⁴</strong></span> 
     </span>
     <span class='ocr_line' id='line_1_64' title="bbox 145 4904 1846 5032; baseline -0.004 -65"><span class='ocrx_word' id='word_1_771' title='bbox 145 4909 275 4969; x_wconf 90' lang='lat' dir='ltr'>donosor</span> <span class='ocrx_word' id='word_1_772' title='bbox 288 4924 355 4981; x_wconf 89' lang='lat' dir='ltr'>rege</span> <span class='ocrx_word' id='word_1_773' title='bbox 369 4909 591 4980; x_wconf 84' lang='lat' dir='ltr'>babyloniorum</span> <span class='ocrx_word' id='word_1_774' title='bbox 601 4918 629 4966; x_wconf 90' lang='lat' dir='ltr'>et</span> <span class='ocrx_word' id='word_1_775' title='bbox 644 4917 710 4982; x_wconf 88' lang='lat' dir='ltr'>post</span> <span class='ocrx_word' id='word_1_776' title='bbox 721 4912 931 4969; x_wconf 70' lang='lat' dir='ltr'>desolationem</span> <span class='ocrx_word' id='word_1_777' title='bbox 944 4910 1044 4982; x_wconf 92' lang='lat' dir='ltr'>templi</span> <span class='ocrx_word' id='word_1_778' title='bbox 1057 4904 1846 5032; x_wconf 51' lang='lat' dir='ltr'>reguumbladorumquodsteteratperannosabbdss·</span> 
     </span>
     <span class='ocr_line' id='line_1_65' title="bbox 146 4972 1845 5055; baseline -0.004 -19"><span class='ocrx_word' id='word_1_779' title='bbox 146 4977 1546 5055; x_wconf 80' lang='lat' dir='ltr'>tructumestetiuPei·sastrauslatiiin,quiaCyrusreiiPeisarumotbariusrextledorum,lilius</span> <span class='ocrx_word' id='word_1_780' title='bbox 1576 4972 1845 5047; x_wconf 82' lang='lat' dir='ltr'>atlagis,parentela</span> 
     </span>
    </p>

    <p class='ocr_par' dir='ltr' id='par_1_17' title="bbox 145 5047 1846 5268">
     <span class='ocr_line' id='line_1_66' title="bbox 162 5047 1846 5130; baseline -0.004 -21"><span class='ocrx_word' id='word_1_781' title='bbox 162 5053 294 5123; x_wconf 84' lang='lat' dir='ltr'>cnjuncti</span> <span class='ocrx_word' id='word_1_782' title='bbox 303 5052 598 5124; x_wconf 85' lang='lat' dir='ltr'>neposetavuneuius</span> <span class='ocrx_word' id='word_1_783' title='bbox 608 5053 735 5123; x_wconf 89' lang='lat' dir='ltr'>luerunt,</span> <span class='ocrx_word' id='word_1_784' title='bbox 747 5054 951 5125; x_wconf 90' lang='lat' dir='ltr'>irruentesque</span> <span class='ocrx_word' id='word_1_785' title='bbox 963 5067 1051 5124; x_wconf 92' lang='lat' dir='ltr'>snper</span> <span class='ocrx_word' id='word_1_786' title='bbox 1065 5050 1210 5120; x_wconf 85' lang='lat' dir='ltr'>baldasar,</span> <span class='ocrx_word' id='word_1_787' title='bbox 1222 5051 1395 5120; x_wconf 90' lang='lat' dir='ltr'>abnepotem</span> <span class='ocrx_word' id='word_1_788' title='bbox 1407 5047 1673 5105; x_wconf 83' lang='lat' dir='ltr'>nabuchodonosor</span> <span class='ocrx_word' id='word_1_789' title='bbox 1685 5061 1701 5102; x_wconf 91' lang='lat' dir='ltr'>r</span> <span class='ocrx_word' id='word_1_790' title='bbox 1740 5060 1785 5130; x_wconf 77' lang='lat' dir='ltr'>em</span> <span class='ocrx_word' id='word_1_791' title='bbox 1796 5047 1846 5127; x_wconf 70' lang='lat' dir='ltr'>lla3</span> 
     </span>
     <span class='ocr_line' id='line_1_67' title="bbox 147 5120 1844 5200; baseline -0.005 -21"><span class='ocrx_word' id='word_1_792' title='bbox 147 5123 281 5195; x_wconf 82' lang='lat' dir='ltr'>hyloniae,</span> <span class='ocrx_word' id='word_1_793' title='bbox 293 5139 412 5194; x_wconf 88' lang='lat' dir='ltr'>regnum</span> <span class='ocrx_word' id='word_1_794' title='bbox 423 5122 486 5194; x_wconf 85' lang='lat' dir='ltr'>ejus</span> <span class='ocrx_word' id='word_1_795' title='bbox 498 5124 671 5196; x_wconf 90' lang='lat' dir='ltr'>pervadunt,</span> <span class='ocrx_word' id='word_1_796' title='bbox 688 5130 861 5199; x_wconf 84' lang='lat' dir='ltr'>mortuoque</span> <span class='ocrx_word' id='word_1_797' title='bbox 873 5127 955 5182; x_wconf 89' lang='lat' dir='ltr'>bario</span> <span class='ocrx_word' id='word_1_798' title='bbox 969 5126 1059 5195; x_wconf 79' lang='lat' dir='ltr'>Cyrus</span> <span class='ocrx_word' id='word_1_799' title='bbox 1069 5129 1098 5178; x_wconf 90' lang='lat' dir='ltr'>ct</span> <span class='ocrx_word' id='word_1_800' title='bbox 1110 5137 1205 5191; x_wconf 89' lang='lat' dir='ltr'>suum,</span> <span class='ocrx_word' id='word_1_801' title='bbox 1217 5121 1245 5176; x_wconf 94' lang='lat' dir='ltr'>id</span> <span class='ocrx_word' id='word_1_802' title='bbox 1257 5125 1301 5176; x_wconf 90' lang='lat' dir='ltr'>est</span> <span class='ocrx_word' id='word_1_803' title='bbox 1319 5122 1483 5190; x_wconf 90' lang='lat' dir='ltr'>Persarum,</span> <span class='ocrx_word' id='word_1_804' title='bbox 1500 5131 1630 5200; x_wconf 79' lang='lat' dir='ltr'>regnum,</span> <span class='ocrx_word' id='word_1_805' title='bbox 1647 5120 1678 5174; x_wconf 83' lang='lat' dir='ltr'>et</span> <span class='ocrx_word' id='word_1_806' title='bbox 1693 5131 1711 5174; x_wconf 89' lang='lat' dir='ltr'>a</span> <span class='ocrx_word' id='word_1_807' title='bbox 1743 5133 1789 5176; x_wconf 88' lang='lat' dir='ltr'>nis</span> <span class='ocrx_word' id='word_1_808' title='bbox 1802 5131 1844 5174; x_wconf 85' lang='lat' dir='ltr'>sui</span> 
     </span>
     <span class='ocr_line' id='line_1_68' title="bbox 145 5189 1845 5268; baseline -0.003 -16"><span class='ocrx_word' id='word_1_809' title='bbox 145 5193 234 5267; x_wconf 86' lang='lat' dir='ltr'>barii,</span> <span class='ocrx_word' id='word_1_810' title='bbox 243 5195 299 5253; x_wconf 90' lang='lat' dir='ltr'>hoc</span> <span class='ocrx_word' id='word_1_811' title='bbox 314 5200 359 5253; x_wconf 90' lang='lat' dir='ltr'>est</span> <span class='ocrx_word' id='word_1_812' title='bbox 374 5195 522 5254; x_wconf 82' lang='lat' dir='ltr'>bladorum</span> <span class='ocrx_word' id='word_1_813' title='bbox 534 5210 664 5268; x_wconf 87' lang='lat' dir='ltr'>regnum,</span> <span class='ocrx_word' id='word_1_814' title='bbox 677 5213 742 5256; x_wconf 90' lang='lat' dir='ltr'>eom</span> <span class='ocrx_word' id='word_1_815' title='bbox 755 5199 846 5256; x_wconf 86' lang='lat' dir='ltr'>tercio</span> <span class='ocrx_word' id='word_1_816' title='bbox 858 5197 908 5254; x_wconf 92' lang='lat' dir='ltr'>illo</span> <span class='ocrx_word' id='word_1_817' title='bbox 919 5211 1008 5268; x_wconf 87' lang='lat' dir='ltr'>reguo</span> <span class='ocrx_word' id='word_1_818' title='bbox 1019 5194 1097 5266; x_wconf 92' lang='lat' dir='ltr'>quod</span> <span class='ocrx_word' id='word_1_819' title='bbox 1106 5194 1324 5266; x_wconf 83' lang='lat' dir='ltr'>captivaverant</span> <span class='ocrx_word' id='word_1_820' title='bbox 1335 5190 1550 5249; x_wconf 81' lang='lat' dir='ltr'>obtinuitPost</span> <span class='ocrx_word' id='word_1_821' title='bbox 1562 5203 1588 5247; x_wconf 90' lang='lat' dir='ltr'>is</span> <span class='ocrx_word' id='word_1_822' title='bbox 1600 5189 1768 5248; x_wconf 88' lang='lat' dir='ltr'>ammodum</span> <span class='ocrx_word' id='word_1_823' title='bbox 1778 5190 1845 5247; x_wconf 84' lang='lat' dir='ltr'>Per·</span> 
     </span>
    </p>
   </div>
   <div class='ocr_carea' id='block_1_7' title="bbox 143 5284 1840 5689">
    <p class='ocr_par' dir='ltr' id='par_1_18' title="bbox 143 5284 1840 5689">
     <span class='ocr_line' id='line_1_69' title="bbox 179 5284 1840 5449; baseline -0.003 -15"><span class='ocrx_word' id='word_1_824' title='bbox 179 5373 213 5413; x_wconf 81' lang='lat'>¹⁸⁸</span> <span class='ocrx_word' id='word_1_825' title='bbox 228 5374 301 5434; x_wconf 85' lang='lat' dir='ltr'>anni</span> <span class='ocrx_word' id='word_1_826' title='bbox 315 5375 496 5449; x_wconf 88' lang='lat' dir='ltr'>captivitatis</span> <span class='ocrx_word' id='word_1_827' title='bbox 508 5377 523 5433; x_wconf 86' lang='lat' dir='ltr'>J</span> <span class='ocrx_word' id='word_1_828' title='bbox 526 5376 635 5438; x_wconf 86' lang='lat' dir='ltr'>udaicas</span> <span class='ocrx_word' id='word_1_829' title='bbox 649 5376 730 5439; x_wconf 80' lang='lat' dir='ltr'>codd.</span> <span class='ocrx_word' id='word_1_830' title='bbox 748 5374 782 5415; x_wconf 77' lang='lat'>¹¹⁷</span> <span class='ocrx_word' id='word_1_831' title='bbox 795 5285 945 5439; x_wconf 43' lang='lat' dir='ltr'>affl?-</span> <span class='ocrx_word' id='word_1_832' title='bbox 960 5284 1288 5445; x_wconf 37' lang='lat' dir='ltr'>dussffzlffidiimrap</span> <span class='ocrx_word' id='word_1_833' title='bbox 1301 5371 1373 5431; x_wconf 83' lang='lat' dir='ltr'>orda</span> <span class='ocrx_word' id='word_1_834' title='bbox 1388 5368 1527 5432; x_wconf 74' lang='lat' dir='ltr'>artatae</span> <span class='ocrx_word' id='word_1_835' title='bbox 1541 5364 1674 5432; x_wconf 71' lang='lat' dir='ltr'>attollit</span> <span class='ocrx_word' id='word_1_836' title='bbox 1688 5368 1706 5430; x_wconf 79' lang='grc'>3</span> <span class='ocrx_word' id='word_1_837' title='bbox 1719 5363 1840 5432; x_wconf 67' lang='lat' dir='ltr'>ultimis</span> 
     </span>
     <span class='ocr_line' id='line_1_70' title="bbox 143 5444 1594 5555; baseline -0.006 -44"><span class='ocrx_word' id='word_1_838' title='bbox 143 5445 291 5512; x_wconf 75' lang='lat' dir='ltr'>solaminis</span> <span class='ocrx_word' id='word_1_839' title='bbox 304 5461 445 5508; x_wconf 74' lang='grc'><strong>1110011111</strong></span> <span class='ocrx_word' id='word_1_840' title='bbox 458 5462 515 5508; x_wconf 82' lang='lat' dir='ltr'>aito</span> <span class='ocrx_word' id='word_1_841' title='bbox 529 5451 627 5510; x_wconf 78' lang='lat' dir='ltr'>mimi·</span> <span class='ocrx_word' id='word_1_842' title='bbox 641 5451 701 5526; x_wconf 79' lang='lat' dir='ltr'>tegi</span> <span class='ocrx_word' id='word_1_843' title='bbox 716 5450 846 5524; x_wconf 72' lang='grc'><strong>11010101,</strong></span> <span class='ocrx_word' id='word_1_844' title='bbox 858 5446 938 5525; x_wconf 81' lang='lat' dir='ltr'>qaod</span> <span class='ocrx_word' id='word_1_845' title='bbox 951 5460 1018 5555; x_wconf 67' lang='lat' dir='ltr'>mim</span> <span class='ocrx_word' id='word_1_846' title='bbox 1031 5445 1323 5507; x_wconf 76' lang='lat' dir='ltr'>animadvertereta.</span> <span class='ocrx_word' id='word_1_847' title='bbox 1340 5448 1383 5503; x_wconf 82' lang='grc'>36.</span> <span class='ocrx_word' id='word_1_848' title='bbox 1401 5444 1447 5504; x_wconf 83' lang='lat' dir='ltr'>bis</span> <span class='ocrx_word' id='word_1_849' title='bbox 1461 5444 1594 5519; x_wconf 68' lang='lat' dir='ltr'>omilim.</span> 
     </span>
     <span class='ocr_line' id='line_1_71' title="bbox 181 5532 1050 5689; baseline -0.005 -16"><span class='ocrx_word' id='word_1_850' title='bbox 181 5610 256 5689; x_wconf 79' lang='grc'><strong>(101)</strong></span> <span class='ocrx_word' id='word_1_851' title='bbox 276 5605 627 5686; x_wconf 57' lang='grc'><strong>1110-7010010110</strong></span> <span class='ocrx_word' id='word_1_852' title='bbox 643 5611 712 5673; x_wconf 86' lang='lat' dir='ltr'>mihi</span> <span class='ocrx_word' id='word_1_853' title='bbox 729 5607 886 5689; x_wconf 85' lang='lat' dir='ltr'>incognito.</span> <span class='ocrx_word' id='word_1_854' title='bbox 940 5532 1050 5597; x_wconf 49' lang='grc' dir='ltr'>ΝΜ</span> 
     </span>
    </p>
   </div>
   <div class='ocr_carea' id='block_1_8' title="bbox 0 0 1898 6000">
    <p class='ocr_par' dir='ltr' id='par_1_19' title="bbox 0 0 1898 6000">
     <span class='ocr_line' id='line_1_72' title="bbox 0 0 1898 6000; baseline 0 3"><span class='ocrx_word' id='word_1_855' title='bbox 0 0 1898 6000; x_wconf 95' lang='lat' dir='ltr'> </span> 
     </span>
    </p>
   </div>
  </div>
 </body>
</html>
