3788 6000
146 159 223 226 lana
423 159 748 229 eusrnrnuvaa.
765 112 1007 228 ..urrann
1031 156 1167 226 onera
1183 155 1417 228 nuaaaome
1434 155 1563 227 naum
1786 157 1837 224 asu

143 322 178 376 nt
195 317 250 377 sibi
265 314 408 389 subjectis
422 317 494 378 uicis
509 316 571 389 ejus
584 314 649 388 jura
663 315 772 373 licebat
979 303 1118 384 datque
1133 313 1178 372 sui
1194 313 1253 373 voti
1268 313 1537 388 composeltectns,
1552 316 1591 373 ut
1607 309 1693 372 illud

144 409 232 467 Ocius
243 407 374 482 implere,
391 406 447 465 sibi
462 408 509 464 lox
525 407 549 465 si
567 408 662 479 prisca
681 406 809 476 lavisset,
1024 402 1180 460 cenobium
1198 417 1313 475 semper
1328 403 1385 460 sibi
1400 404 1641 462 suecessoribus
1658 406 1756 473 atque

136 498 234 572 ,Quam
250 497 335 557 modo
351 497 462 554 divitiis
476 495 589 554 calcant
605 496 739 566 fastuque
751 492 893 564 moderni,
1021 492 1107 547 Esset
1123 492 1297 564 subjectum,
1312 508 1364 566 per
1378 493 1650 565 apostolicumque
1667 490 1798 562 sigillum

142 588 189 657 ut,
206 587 272 658 quia
286 587 441 660 pauperior
455 590 502 642 est
514 586 568 642 bec
583 585 669 641 sedes
679 583 879 653 Trebereusis,
1023 582 1081 637 llac
1098 597 1127 637 re
1144 581 1285 638 firmatam
1297 584 1428 640 reterens
1440 598 1492 656 pro
1504 596 1640 640 munere
1653 586 1773 638 cartam
1784 585 1840 651 itti.

141 679 302 750 Propterea
318 677 354 734 sit
370 681 399 732 et
415 675 534 733 interior
550 673 748 743 locupletibus
762 672 831 730 illis.
1058 671 1111 727 Sed
1127 672 1262 741 grauiora
1279 670 1361 728 malis
1374 678 1442 728 sunt
1456 677 1522 728 orta
1540 672 1797 744 prioribuscxiu.

143 769 200 823 lice
215 765 300 822 modo
315 762 578 823 sufficiantblbcro
593 765 690 817 tamen
706 762 857 830 satagebat
1022 760 1090 814 Nam
1107 761 1258 818 inonaclris
1273 762 1381 818 iactum
1398 762 1493 819 iuerat
1507 763 1722 834 presentibus
1745 761 1823 818 istud.

142 855 230 925 Regis
245 854 281 910 ad
296 852 466 924 obsequium
483 866 534 923 pre
551 851 666 907 cunctis
682 864 749 906 esse
767 853 887 922 paratus
1022 849 1071 905 llis
1084 853 1112 905 et
1129 850 1309 922 apostolicus
1321 850 1412 920 jussit
1433 850 1671 924 metropolitani

143 945 205 1001 Rex
219 957 334 1015 quoque
349 955 400 1014 pre
421 939 545 1013 reliquis
559 940 636 996 blanc
657 952 774 1010 semper
798 939 908 994 honore
919 951 967 994 eo·
1022 939 1114 994 Dictis
1130 953 1242 1010 parere,
1260 939 1348 997 simul
1362 940 1461 997 abbati
1481 956 1538 1013 per
1553 941 1691 997 eosdem

838 1025 939 1099 [lebat,
1022 1028 1161 1086 Ecclesiae
1177 1031 1293 1088 domum
1309 1031 1488 1088 denrandaus
1501 1030 1746 1104 suscipiendum

143 1123 211 1193 Ejus
226 1118 357 1177 consiliis
372 1118 477 1175 erebro
490 1116 615 1174 feliciter
631 1131 711 1186 usus,
1023 1119 1099 1175 b'utu
1115 1119 1262 1190 pontilicis
1278 1119 1416 1191 sedisque
1432 1134 1518 1177 mann
1533 1119 1757 1178 Treberensis.

142 1210 284 1283 Preoipue
301 1209 416 1281 quando
431 1209 560 1264 Saxones
575 1220 654 1261 arura
670 1204 811 1262 innovando
1023 1206 1077 1263 Sed
1099 1223 1163 1263 cum
1179 1207 1297 1264 decreto
1317 1209 1445 1265 Romano
1466 1208 1589 1280 presule
1619 1213 1743 1280 spreto,

142 1299 260 1358 Viribus
273 1297 413 1355 inmensis
429 1298 505 1354 huuc
521 1296 658 1352 infestare
670 1296 822 1367 parabant.
1023 1296 1148 1352 Rursum
1163 1297 1332 1368 conspirant
1350 1297 1418 1354 huic
1441 1297 1671 1369 introitumque
1703 1298 1839 1369 negabant

143 1389 205 1456 Quo
217 1392 335 1460 sumptu
348 1402 451 1456 magno
467 1385 588 1443 veniens
603 1389 630 1441 ct
648 1385 739 1440 milite
758 1382 858 1453 multo,
1025 1384 1068 1441 Ob
1082 1385 1166 1455 cujus
1181 1386 1278 1441 meriti
1290 1401 1349 1442 rem
1364 1391 1433 1443 sunt
1448 1387 1723 1443 anathematizati.

144 1478 277 1536 obtinuit
292 1476 388 1534 laudis
404 1475 586 1547 palmamque
598 1489 658 1531 sura
673 1472 841 1545 probitatis.
1026 1472 1081 1530 Sed
1097 1489 1222 1544 querens
1237 1476 1350 1532 veniam
1367 1477 1402 1533 de
1417 1476 1512 1533 banuo
1530 1475 1673 1534 solvitur
1690 1477 1790 1535 abbas.

142 1569 202 1625 Hoc
219 1566 364 1623 mediante
381 1570 476 1621 tannen
493 1579 544 1636 per
558 1563 639 1635 pacis
655 1562 857 1620 condicionem
1028 1563 1062 1617 nt
1080 1564 1210 1619 monachi
1227 1579 1359 1634 magnum
1371 1579 1460 1636 super
1478 1566 1533 1622 boc
1559 1566 1669 1622 iecere
1698 1564 1839 1634 luminum

143 1657 285 1714 Omissum
302 1654 420 1724 bellum,
440 1652 622 1725 populusque
640 1652 755 1707 domum
779 1648 932 1706 remeavit.
984 1670 1012 1731 Β
1028 1651 1062 1706 Et
1079 1652 1213 1735 comitem
1230 1654 1320 1710 castri
1335 1653 1558 1711 lucelenburhc
1574 1659 1672 1711 antea
1689 1655 1770 1726 dicti,

178 1748 234 1801 Pro
249 1745 355 1816 quibus
369 1758 401 1798 ac
419 1742 483 1798 aliis
506 1741 659 1798 abeodem
681 1746 738 1795 tarn
768 1741 841 1796 bene
865 1739 969 1809 gostis,
1030 1738 1083 1804 Qui
1100 1739 1263 1797 defensoris
1278 1756 1381 1798 nonren
1397 1747 1573 1813 susceperat
1591 1744 1709 1801 borum

143 1834 177 1890 Et
190 1833 256 1904 quia
272 1847 327 1888 uon
343 1833 422 1902 J'uste
433 1831 584 1887 subtracta
597 1829 651 1884 init
662 1829 835 1884 Trebcrcnsi
1027 1827 1220 1897 Pontisscique
1235 1828 1318 1886 iidem
1332 1831 1483 1901 juraverat
1499 1831 1729 1905 auxiliumque,

144 1921 295 1991 Ecclesiae,
312 1919 456 1991 quondam
473 1917 508 1975 de
523 1918 607 1988 eujus
626 1918 807 1988 proprietate
1028 1914 1096 1969 Cum
1112 1916 1307 1986 septingentis
1319 1922 1488 1989 corruptum
1505 1934 1582 1989 pene
1598 1920 1742 1991 talentis,

144 2012 179 2067 Et
201 2010 289 2066 tundo
304 2023 372 2065 vere
388 2007 496 2077 legitur
510 2011 680 2063 constructa
699 2007 800 2076 brisso,
1026 2003 1138 2059 Fraude
1153 2004 1278 2076 doloque
1296 2006 1351 2063 ilde
1368 2007 1459 2078 prima
1474 2007 1520 2063 vel
1539 2008 1649 2066 tedere
1663 2015 1764 2083 rupto,

144 2099 180 2155 Ut
198 2101 373 2155 testamenta
391 2096 464 2166 (billi
480 2097 609 2152 referunt
627 2096 680 2152 sub
697 2096 812 2152 nourriue
833 2110 933 2166 regum
1026 2092 1160 2148 Eillciunt
1177 2100 1342 2166 promptum
1359 2111 1415 2167 quo
1432 2096 1507 2152 bella
1523 2103 1668 2154 moveret
1686 2103 1719 2156 et
1733 2115 1806 2157 arma

145 2187 197 2252 Qui
215 2187 398 2257 [lagobertus
409 2185 529 2256 l'ipinns
546 2184 726 2254 llarolusque
743 2185 873 2250 luerunt,
1028 2182 1079 2246 Qui
1094 2181 1185 2238 veluti
1201 2184 1296 2241 nostis
1312 2189 1342 2241 ut
1353 2185 1581 2244 crudelissimus
1598 2187 1715 2258 bostis,

144 2278 223 2332 lianc
238 2274 384 2331 abbatiam
400 2273 543 2329 blaximini
561 2271 674 2327 nomine
685 2272 791 2328 dictam
1026 2270 1151 2327 Collibus
1168 2285 1201 2326 ac
1218 2273 1316 2342 predis
1329 2275 1462 2345 capturis
1478 2274 1619 2347 pluribus
1638 2278 1729 2345 actis,

144 2365 206 2420 Rex
218 2363 273 2421 sibi
289 2361 432 2429 restituit,
445 2363 532 2416 Petro
547 2375 599 2430 por
610 2373 734 2431 errorque
747 2361 832 2416 beato
844 2361 931 2429 (660).
1025 2361 1111 2416 Sacra
1129 2361 1303 2431 profanavit,
1321 2363 1407 2419 villas
1418 2378 1452 2420 ae
1466 2363 1577 2436 templa
1590 2368 1755 2424 cremavit.

144 2453 199 2509 Sed
215 2447 357 2521 uronaehi,
374 2448 459 2520 pulso
473 2449 575 2520 paucis
596 2449 701 2504 abbate
718 2450 866 2505 Gcrbardo
1025 2449 1084 2504 llcu
1103 2449 1190 2518 pudet
1208 2456 1334 2507 armatas
1350 2452 1426 2509 acies
1441 2452 1623 2525 hostemque
1639 2458 1800 2528 sirperbum

144 2544 218 2597 Anto
234 2540 349 2609 diebus,
365 2538 391 2593 ei
416 2552 482 2593 mox
498 2537 640 2608 quendam
658 2537 887 2607 substituerunt,
1026 2536 1066 2590 dd
1083 2542 1196 2608 portam
1208 2539 1308 2594 llartis
1324 2540 1477 2612 sanctique
1491 2543 1570 2599 iores
1587 2545 1751 2616 symeonis

144 2631 276 2700 ignotum
293 2643 415 2699 prorsus
433 2639 567 2698 persona,
586 2624 742 2694 religione:
1026 2625 1177 2695 clavigero
1194 2627 1248 2683 celi
1266 2629 1413 2684 contraria
1430 2630 1512 2699 signa
1528 2631 1664 2689 tulisse!

146 2719 226 2775 Hunc
243 2723 273 2772 et
286 2717 430 2773 distracto
447 2713 548 2785 templi
564 2715 673 2769 drrxere
690 2713 807 2769 rnetallo
1025 2715 1086 2769 lion
1104 2714 1184 2771 locus
1202 2717 1247 2772 bio
1264 2732 1346 2774 muro
1363 2717 1414 2774 sed
1430 2719 1479 2774 vili
1497 2719 1590 2791 prelia
1603 2722 1702 2793 vallo,

146 2807 284 2863 Vestibus
300 2813 387 2875 atque
403 2803 496 2860 sacris
511 2802 648 2858 ilornnnis
664 2802 767 2873 bisque
780 2804 932 2874 coemptis,
1025 2803 1223 2873 llostilemque
1240 2820 1352 2862 ananum
1371 2809 1507 2879 perpauci
1524 2811 1722 2868 sustinuere.

145 2897 226 2952 llune
242 2895 278 2951 ab
293 2892 455 2965 apostolico
467 2893 651 2948 rnercerlibns
664 2893 857 2949 obtinuerunt
1026 2891 1085 2946 bon
1100 2897 1196 2948 tamen
1220 2893 1347 2950 inmunis
1362 2895 1397 2951 de
1411 2895 1494 2953 clade
1514 2900 1673 2968 superfuit
1690 2901 1795 2972 bostis,

147 2985 289 3040 abbatem
308 2983 369 3039 ileri
386 2982 514 3038 demere
530 2981 644 3051 sibique
660 2981 782 3036 sacrari.
1026 2980 1079 3035 Sed
1096 2996 1204 3051 rnaporc
1221 2983 1265 3040 sui
1281 2984 1406 3057 dampno
1422 2985 1564 3043 multatus
1575 2988 1687 3045 adluit.

146 3076 183 3130 Et
196 3073 399 3131 confirmatum
417 3073 512 3127 ltanuo
525 3070 744 3141 metropolitani
1025 3069 1157 3127 Vidimus
1173 3071 1208 3126 ad
1224 3079 1340 3139 pontem
1354 3075 1454 3131 sesam
1471 3075 1600 3147 presulis
1629 3092 1740 3148 agmen

146 3164 320 3234 Enumptum
335 3161 392 3231 juri
404 3159 630 3230 libertatemque
646 3159 733 3229 tueri,
1025 3158 1093 3227 igne
1112 3160 1221 3230 sarens,
1234 3162 1261 3216 in
1279 3167 1355 3219 tecta
1367 3178 1464 3234 ruens,
1480 3169 1508 3221 et
1526 3166 1593 3221 iana
1607 3168 1791 3238 prolamans.

148 3251 263 3307 Acriter
279 3254 443 3322 exposcunt
459 3248 545 3320 (litt),
562 3248 785 3318 exultantesque
814 3249 969 3321 reducunt,
1026 3248 1097 3306 Arria
1111 3250 1160 3305 bei
1177 3251 1287 3320 matris,
1307 3267 1391 3322 qnam
1413 3254 1559 3324 qnondam
1588 3270 1647 3312 rex
1677 3259 1850 3328 [tagobertus

148 3340 288 3410 lluucque
304 3354 365 3395 snm
376 3338 437 3394 sedi
453 3337 708 3408 superimposuere
729 3336 866 3392 latenter.
1027 3339 1172 3408 Condidit,
1190 3340 1303 3410 irrupta
1317 3342 1497 3412 flammisque
1512 3344 1683 3402 voracibus
1697 3353 1775 3416 usta,

148 3429 199 3484 llis
216 3427 428 3485 certaminibus
445 3424 617 3498 pertransiit
633 3426 746 3494 integer
761 3439 869 3481 annus.
1026 3427 1196 3483 Sanctorum
1207 3428 1395 3500 thecas,quas
1407 3431 1515 3502 reperit
1527 3431 1577 3489 hic
1588 3447 1688 3504 super
1706 3433 1755 3468 ‘⁰⁴⁸
1782 3447 1850 3503 aras,

184 3517 246 3583 Quo
261 3516 381 3585 grandis
399 3516 474 3570 iacto
489 3513 581 3570 crevit
598 3513 825 3582 rnrctropolitano
1026 3515 1167 3572 bistricto
1181 3515 1280 3585 gladio
1296 3517 1379 3576 miles
1395 3519 1503 3577 occidit
1518 3534 1641 3580 avarus.

149 3606 233 3674 Cura,
252 3605 329 3674 quod
346 3605 398 3659 bec
413 3607 493 3658 tanta
510 3601 566 3657 sibi
583 3602 627 3657 vis
640 3601 719 3657 illata
738 3602 841 3658 inisset
1025 3605 1081 3660 Par
1097 3605 1256 3676 habuitque
1267 3607 1360 3665 solum
1378 3609 1517 3665 lectorem
1538 3609 1761 3683 reliquiasque.

148 3694 399 3763 contemptusque
414 3690 513 3760 gravis
529 3691 565 3745 alt
581 3690 624 3745 eis
640 3704 714 3760 quos
729 3704 843 3760 semper
863 3692 969 3747 amavit
1026 3693 1157 3750 Vidimus
1172 3694 1285 3766 impleri
1301 3697 1379 3768 quod
1395 3699 1431 3754 ab
1445 3698 1597 3755 Ezechiele
1612 3701 1761 3772 retertur,

146 3779 294 3846 Romanis,
309 3794 430 3850 quorum
447 3793 510 3835 sese
527 3779 636 3834 virtute
655 3778 766 3849 protavit
1027 3782 1109 3848 Quod
1123 3782 1286 3841 violaturus
1301 3785 1356 3842 hoe
1369 3787 1541 3844 emissarius
1557 3793 1643 3845 esset

148 3870 317 3940 omnesqui
333 3868 444 3925 vellent
460 3883 489 3925 se
505 3867 603 3924 ledere
618 3868 735 3924 vincere
747 3882 845 3940 posse.
1026 3871 1190 3928 archanum
1217 3874 1329 3930 Donrini
1359 3876 1466 3946 (lieret
1492 3891 1542 3948 nar,
1558 3877 1624 3948 22).
1646 3877 1706 3935 Sed
1728 3892 1787 3935 uon
1809 3877 1851 3932 im·

147 3957 202 4014 Sed
219 3957 267 4029 qui
283 3957 319 4015 ad
335 3959 388 4014 bec
405 3958 704 4027 agerettb'eeastrum
726 3961 874 4028 rurrapcret
887 3956 969 4030 iliud,
1598 3963 1696 4036 [pune
1712 3970 1849 4037 patratum

30 4049 34 4055 “
147 4047 216 4113 Quae
229 4047 286 4102 sibi
303 4047 472 4105 detulerant
488 4062 570 4118 popm
583 4047 716 4101 mandata
742 4045 898 4112 vetabant,
1025 4042 1085 4097 lloe
1101 4039 1212 4097 scelus.
1231 4038 1267 4093 Ut
1284 4033 1370 4092 villas
1385 4034 1550 4106 aliquantas
1565 4036 1777 4110 ecclesiasque

145 4136 346 4206 introitusque
363 4136 484 4207 suisque
500 4135 554 4191 sibi
571 4134 700 4203 nonjure
714 4139 850 4202 negatus.
1025 4130 1123 4187 Hostis
1138 4127 1298 4186 cornbussit
1314 4130 1343 4181 et
1360 4124 1459 4196 plnres
1476 4138 1561 4180 urere
1574 4124 1684 4197 jussit,

145 4215 216 4288 lpse
232 4220 330 4272 tamen
346 4216 425 4272 cives
437 4216 472 4271 ed
490 4215 560 4272 talia
580 4213 654 4270 bolla
672 4215 803 4270 furentes
1024 4217 1128 4274 Presul
1144 4231 1209 4274 euin
1226 4230 1290 4272 cum
1306 4212 1412 4268 milicia
1430 4217 1494 4283 post
1510 4216 1593 4282 terga
1606 4219 1739 4272 secutus

146 4305 255 4361 Crebro
271 4304 356 4360 minis
374 4304 569 4376 precibusque
585 4303 645 4359 suis
661 4301 754 4358 abeis
774 4303 931 4358 revocavit.
1025 4307 1166 4377 Occupat,
1184 4308 1212 4361 et
1229 4301 1328 4358 multis
1343 4300 1453 4370 excius
1468 4299 1583 4370 agmine
1600 4302 1717 4374 captis,

146 4394 241 4450 blotus
256 4399 391 4464 preterca
407 4407 459 4449 sua
476 4392 553 4463 quod
572 4391 679 4461 legatio
692 4396 790 4462 spreta
982 4381 1009 4442 D
1024 4395 1162 4452 Pluribus
1178 4391 1291 4461 occisis,
1307 4389 1465 4461 aliquantis
1479 4388 1661 4462 debilitatis,

145 4484 230 4538 Esset
248 4482 282 4538 ab
298 4481 434 4538 ecclesiis
450 4481 495 4537 bie
508 4481 732 4553 presulibusque
747 4479 931 4552 quibusdam,
1025 4481 1198 4539 Accelerare
1214 4479 1309 4548 lugam
1322 4477 1442 4532 Domino
1456 4475 1618 4532 miseraute
1645 4477 1746 4548 coegit
1772 4476 1848 4548 (633).

148 4569 290 4626 Omnibus
306 4569 446 4641 impensis
457 4570 576 4624 Romam
591 4569 714 4625 tostinus
725 4569 825 4638 adivit,
1023 4574 1084 4627 tarn
1101 4571 1194 4626 inerat
1212 4568 1331 4639 quintus
1347 4565 1433 4635 hujus
1448 4564 1621 4622 certaminis
1638 4581 1751 4638 annus,
1868 4563 1871 4566 ’

145 4659 353 4730 Expositislllle
364 4659 419 4715 lliae
434 4658 541 4722 causis,
555 4671 685 4728 papaque
701 4658 825 4726 favente,
1024 4660 1202 4731 Expulsique
1217 4656 1281 4712 loco
1297 4660 1364 4713 sunt
1376 4654 1417 4710 illi
1434 4653 1550 4710 maximi
1563 4654 1662 4726 juste,

147 4747 279 4804 Obtinuit
296 4761 361 4818 quae
377 4751 448 4802 tnnc
462 4744 565 4815 voluit,
581 4745 731 4816 victorque
747 4744 868 4801 redivit.
1024 4747 1201 4817 suffectique
1217 4744 1273 4802 sibi
1289 4743 1504 4807 monacbisuut
1523 4742 1663 4814 religiosi
1677 4761 1686 4811 ;

178 4838 265 4895 vers.
285 4840 349 4894 103.
1060 4838 1144 4893 Vens.
1162 4840 1227 4893 303.

829 4958 946 5017 VARIAE
961 4961 1161 5020 LECTIONES.

178 5061 224 5098 ⁴⁰⁴⁰
240 5074 327 5136 supra
343 5062 382 5119 ct

938 5158 1050 5215 NOTAE.

178 5292 304 5364 (dtbtll.
321 5291 440 5348 chartas
460 5303 561 5418 regum
591 5303 640 5416 ap.
670 5287 822 5346 llontlreim
847 5289 922 5348 llist.
944 5291 964 5362 l,
1059 5290 1134 5359 (odil
1162 5293 1193 5347 ll.
1222 5288 1379 5346 innocentii
1408 5285 1515 5346 bullam
1544 5284 1675 5346 alteram
1700 5303 1756 5364 ap.
1781 5289 1847 5347 lior·

142 5379 170 5436 p.
186 5366 360 5432 76,l20,132‚
377 5377 477 5419 omues
515 5360 588 5418 ubiae
613 5360 670 5416 adei
1022 5362 1112 5418 theim
1125 5363 1145 5431 l,
1159 5378 1185 5434 p.
1199 5361 1259 5419 stt.

177 5433 252 5504 (650)
269 5434 304 5488 v.
323 5433 399 5502 regis
413 5432 540 5505 diploma
558 5431 608 5501 ib,
621 5448 648 5504 p.
664 5434 725 5488 bil.
1058 5434 1132 5506 (663)
1149 5437 1190 5493 cl.
1210 5429 1392 5492 baldericum
1408 5445 1434 5488 e.
1450 5432 1498 5488 30.

178 5506 251 5577 (litii)
264 5504 299 5560 V.
319 5504 479 5561 lrnrnocentii
495 5504 626 5562 obortam
641 5503 692 5574 ib,
710 5519 738 5576 p.
752 5500 817 5561 cla.
1305 5512 1308 5518 '
1548 5508 1554 5516 '
