3788 6000
88 241 147 308 283

569 252 753 319 HUGONIS
766 251 946 332 ,naeniis
967 253 1306 321 FLAVINIAOENSIS

1726 263 1784 326 284

86 396 186 441 rorum
202 383 367 459 consilium,
381 394 414 444 ut
425 385 582 447 anxietatis
592 405 662 461 sue,
674 388 757 462 cujus
772 392 835 447 erat
851 387 907 447 hoc
922 388 950 451 A
965 373 1334 449 maomniumexultatione
1345 396 1374 450 et
1387 390 1526 466 tripudio,
1535 391 1659 453 domnus
1671 393 1785 455 Gabali-

89 475 242 545 providere
263 482 291 532 et
308 477 474 550 disponere,
490 478 606 550 aliquod
623 482 650 536 in
668 484 783 537 rectore
798 478 908 538 substi.

88 566 206 638 tuendo,
220 567 268 637 qui
282 582 350 624 vere
362 572 459 624 rector
470 568 653 626 dicereturet
664 571 907 642 esset,invcniret

89 653 235 711 solatium.
249 658 318 713 Cum
331 662 506 728 perorasset,
519 665 547 714 et
559 674 574 714 a
588 658 686 729 legato
698 675 749 731 spe
764 662 906 732 promissa

89 743 204 800 consilii
215 749 243 801 et
260 745 358 801 anxilii
368 747 468 817 jussus
482 752 563 803 esset
577 749 702 818 edicere,
719 750 906 819 quemeidom

90 831 185 889 olfacio
202 833 318 903 dignum
340 832 375 889 de
392 836 685 906 circumsedentibus,
708 838 774 909 quia
791 839 818 893 iu
843 838 906 910 ipsa

91 922 223 978 ecclesia
240 938 295 980 non
316 923 527 994 inveniebatur,
548 925 638 981 vellet
662 927 829 998 praeficere:
857 927 907 984 ille

89 1011 217 1081 priorem
236 1015 316 1068 Casa>
336 1013 385 1069 Dei
410 1028 494 1069 nrarru
525 1014 689 1085 designans,
717 1020 748 1071 et
769 1016 855 1072 simul
878 1016 906 1072 in

90 1100 187 1156 verbis
208 1101 410 1171 procumbens,
433 1106 462 1158 et
480 1117 573 1172 genua
595 1104 732 1160 flectens:
752 1104 838 1175 Date,
855 1105 905 1175 ait,

88 1187 165 1245 milri
174 1189 369 1260 accepissem
380 1192 506 1263 desorata
516 1192 581 1247 Dei.
595 1193 628 1246 Et
639 1197 670 1247 ut
683 1193 797 1249 facilius
808 1199 908 1264 postn-

90 1274 147 1332 lata
164 1279 319 1349 acciperet,
334 1280 481 1346 liugonern
493 1280 659 1336 duccmsibi
670 1282 792 1337 sociavit
806 1283 832 1337 iu
843 1296 908 1354 pre·

89 1365 183 1435 cibus,
199 1370 232 1423 ut
247 1367 310 1437 ejus
326 1373 490 1424 mereretur
515 1370 630 1425 bonitas
648 1372 721 1440 quod
748 1387 779 1426 sc
803 1387 855 1442 por
876 1386 907 1428 se

91 1469 174 1523 posse
191 1455 352 1512 diffidebat.
367 1456 448 1513 Oculi
460 1471 530 1527 crgo
545 1458 671 1514 omnium
688 1460 715 1514 in
727 1474 792 1515 curn
805 1461 852 1530 qui
865 1476 909 1517 ro·

88 1545 214 1612 gebatur
238 1544 414 1614 diriguntur.
440 1545 493 1600 Sed
515 1546 581 1616 quia
611 1548 749 1618 praefatus
773 1549 908 1606 liemauae

90 1631 168 1687 sodis
185 1630 299 1702 legatus
323 1638 453 1703 noverat,
469 1633 563 1689 virum
584 1635 661 1692 aeris
675 1650 742 1693 esse
759 1636 865 1707 ingenii
879 1642 908 1694 et

962 493 1015 536 nus
1026 479 1054 536 iu
1067 481 1285 551 Lugdunensem
1296 482 1548 557 archiepiscopum
1558 485 1594 540 ab
1608 484 1672 558 ipso
1684 487 1785 544 Roma·

962 568 1785 642 narsedislegato,etpraefatuselectusiuabbatembivio·

962 672 1101 715 nensema
1111 658 1785 734 pradictohinguonensrepiscopo.bu1tatnne

962 745 1043 804 utilia
1053 751 1082 803 et
1095 751 1204 804 sauctae
1215 747 1263 802 liei
1275 747 1409 806 ecclesiae
1417 748 1544 821 prolicua
1559 749 1587 804 in
1596 748 1646 807 illo
1657 753 1784 809 tractata

960 840 990 891 et
1004 835 1122 891 definita
1133 841 1201 892 sunt
1216 835 1350 892 coneilio.
1364 836 1425 904 Quo
1438 837 1544 908 solute,
1559 837 1595 894 ad
1607 853 1659 896 sua
1673 840 1784 911 quique

961 924 1094 981 redeunt.
1111 925 1278 994 Lugdunum
1291 924 1397 996 praesul
1413 926 1514 998 adivit,
1527 927 1784 1001 archiepiscopum

962 1011 1184 1070 beatificandum
1197 1012 1224 1067 in
1239 1012 1331 1082 gloria
1351 1012 1463 1070 caelesti
1474 1015 1588 1072 civibus
1599 1018 1783 1087 expectanti·

963 1103 1017 1157 hus
1027 1108 1056 1157 et
1070 1100 1305 1158 desiderantibus
1318 1103 1488 1172 assignavit,
1504 1119 1588 1174 quem
1603 1120 1667 1162 cum
1679 1106 1786 1175 gaudio

962 1191 1054 1248 totius
1066 1191 1183 1248 urbisin
1197 1190 1265 1246 sede
1277 1193 1526 1263 praedeeessorum
1537 1195 1600 1265 ejus
1612 1197 1735 1267 llyrenei
1745 1202 1786 1251 at·

963 1295 1020 1351 quo
1032 1280 1123 1336 fotini
1138 1284 1204 1335 ante
1221 1283 1351 1350 tempora
1360 1281 1502 1338 secularia
1512 1282 1693 1354 preelectum
1706 1283 1784 1340 loca·

964 1371 1016 1428 vit.
1034 1373 1091 1426 Neo
1109 1369 1243 1425 luftvana
1256 1368 1355 1439 populi
1367 1369 1519 1441 exultatio,
1532 1386 1596 1443 quae
1609 1372 1636 1427 in
1646 1370 1786 1442 uiesaug

964 1464 1121 1532 mentatur,
1134 1463 1162 1516 et
1179 1458 1233 1514 fruc
1248 1460 1373 1530 carebit,
1387 1460 1561 1530 quiapnstor
1573 1475 1672 1516 eorum
1687 1461 1785 1532 benig-

964 1564 1029 1617 nus,
1042 1549 1070 1605 iu
1083 1565 1148 1607 arce
1157 1552 1215 1622 poli
1226 1548 1428 1619 sacerdosJ'am
1437 1548 1621 1606 beatificatus
1633 1549 1708 1620 (lli)
1719 1550 1784 1607 dum

964 1638 1036 1693 vixit
1054 1638 1094 1694 illi
1111 1639 1226 1696 adhesit
1238 1640 1286 1711 qui
1298 1644 1343 1695 est
1355 1652 1462 1694 corona
1473 1641 1641 1693 sanctorum
1659 1643 1689 1694 et
1705 1638 1786 1695 exul·

90 1722 186 1790 aniani,
196 1728 224 1778 et
236 1721 457 1779 dissolutionem
469 1729 591 1780 noverat
602 1724 799 1783 habitatorum
811 1726 868 1784 loci
879 1731 908 1782 el
923 1748 950 1808 Β
966 1727 1048 1798 tatio,
1062 1728 1109 1799 qui
1121 1728 1184 1785 loeo
1197 1744 1252 1785 nou
1262 1732 1389 1796 tenetur,
1402 1729 1431 1782 ot
1447 1725 1569 1781 termino
1581 1739 1635 1782 non
1649 1732 1786 1796 augusta-

90 1808 313 1866 instabilitatem
324 1814 422 1879 terrac,
439 1813 608 1883 parcensei,
622 1829 794 1885 quamquam
806 1821 908 1872 nosset
942 1821 1022 1886 ·tur,
1040 1831 1092 1872 nec
1112 1817 1167 1874 tine
1191 1816 1384 1874 concluditur.
1409 1818 1430 1871 h
1449 1828 1506 1884 quo
1522 1814 1648 1871 donatus
1664 1813 1785 1885 praemio

91 1898 256 1969 utillimum,
266 1915 294 1955 m
305 1900 562 1957 concedendoerat
575 1901 711 1958 difficilis.
719 1905 783 1959 Tem
788 1904 910 1975 piabant
966 1903 1194 1961 immortalitatis
1205 1905 1308 1974 beatae,
1318 1904 1431 1959 civibus
1443 1905 1471 1957 et
1483 1902 1618 1959 omuibus
1631 1902 1666 1959 ad
1675 1917 1706 1959 se
1717 1917 1784 1959 con·

89 1988 177 2044 etiam
193 1989 321 2060 quicum
347 1992 471 2061 priorea
498 1992 569 2047 Casa
584 1992 634 2047 bei
650 1997 800 2063 venerant,
818 1994 911 2052 modis
966 1993 1143 2062 fugientibus
1160 1994 1371 2066 patrocinatur.
1390 1991 1478 2061 Crrjns
1499 1991 1564 2063 quia
1586 1991 1644 2060 jam
1670 1991 1699 2046 in
1716 2005 1786 2063 pace

91 2078 195 2146 quibus
207 2083 342 2149 poterant
354 2080 489 2136 electioni
501 2081 911 2153 contradicere;sedquiavo·
966 2082 1060 2138 faetus
1074 2087 1118 2139 est
1134 2083 1225 2154 loeus,
1242 2088 1271 2139 et
1289 2082 1314 2137 in
1331 2083 1405 2152 Syon
1427 2080 1536 2137 caelesti
1554 2080 1697 2137 habitatio
1713 2079 1785 2149 ejus,

90 2162 188 2223 luntas
208 2167 260 2223 furit
282 2169 403 2238 bomini,
422 2170 450 2224 in
470 2170 553 2240 cuius
577 2186 663 2227 uranu
678 2172 767 2227 corda
782 2179 850 2228 sunt
866 2188 911 2229 re·
964 2186 1080 2227 oremus
1096 2186 1171 2241 oum,
1190 2175 1219 2228 ut
1240 2176 1348 2240 ethos,
1366 2169 1414 2240 qui
1439 2168 1573 2225 felicibus
1590 2167 1653 2238 ejus
1670 2168 1785 2238 gaudiis

89 2269 167 2326 gunr,
186 2260 217 2312 ut
234 2257 334 2328 petitis
349 2263 529 2314 annueretur
546 2260 708 2315 auctoritas
723 2264 752 2316 et
769 2258 833 2317 laus
845 2276 909 2332 pro·
965 2273 1021 2314 non
1038 2260 1210 2330 invidemus,
1225 2259 1280 2331 piis
1293 2259 1354 2315 suis
1365 2255 1548 2328 precibusad
1559 2256 1710 2327 setrahat,
1721 2270 1787 2313 cur-

91 2344 361 2414 rrrnlgaviteoneilii.
375 2346 514 2416 lllisergo
527 2348 784 2419 tumultuantibus,
794 2350 909 2421 vimque
964 2362 1028 2402 sum
1049 2352 1180 2404 nostrum
1198 2347 1227 2402 in
1250 2348 1325 2403 bono
1340 2344 1444 2401 deduci
1460 2350 1489 2401 et
1504 2344 1616 2416 expleri
1632 2345 1783 2416 optineat:

90 2448 147 2503 quo
164 2433 229 2490 nisu
242 2435 494 2505 poterautinferrc
504 2437 684 2507 parantibus,
698 2439 743 2494 hic
754 2437 821 2496 dum
833 2439 910 2495 clan·
967 2451 1043 2500 curn,
1059 2436 1107 2506 qui
1129 2450 1194 2493 cum
1220 2436 1283 2506 ipso
1303 2449 1361 2491 uno
1385 2433 1412 2489 in
1436 2432 1501 2490 loco
1527 2432 1657 2502 aelectus,
1677 2446 1733 2489 uno
1758 2437 1787 2489 et

90 2523 157 2580 culo
181 2525 275 2594 fugam
302 2530 428 2596 pararet,
452 2525 568 2596 ianrque
588 2527 766 2596 elaberetur,
784 2527 909 2599 capitur,
967 2523 1014 2579 die
1030 2528 1074 2580 est
1089 2527 1281 2580 consecratus
1298 2522 1407 2579 utinam
1424 2527 1484 2577 tam
1504 2525 1585 2577 sorte
1602 2521 1705 2576 beata!
1724 2534 1786 2592 pre·

89 2616 219 2682 tenetur,
230 2617 258 2667 ct
271 2614 343 2669 flens
355 2613 535 2684 multumque
547 2614 657 2685 dolens,
666 2615 728 2672 suis
740 2617 827 2672 etiam
841 2617 911 2672 resi·
966 2613 1051 2669 cibus
1063 2612 1217 2669 indefessis
1230 2614 1377 2684 protegat,
1389 2615 1419 2667 et
1430 2609 1589 2666 dilectores
1601 2624 1671 2666 suos
1690 2615 1718 2666 et
1739 2624 1786 2666 ve·

91 2700 276 2756 stantibuset
296 2701 576 2773 coratradioentibus,
589 2704 617 2759 in
631 2702 911 2771 conciliumlreduci-
967 2703 1117 2757 necatores
1128 2716 1225 2758 secum
1238 2701 1265 2756 iu
1278 2699 1379 2756 celesti
1391 2699 1483 2769 gloria
1499 2714 1551 2755 nos
1566 2698 1673 2754 ascribi
1689 2698 1785 2754 faciat.

91 2788 910 2859 trrr,etepiscopoLinguoncusilaudeeircumsedentiurn
1002 2789 1166 2860 Stephanus
1191 2792 1287 2845 autern
1310 2787 1461 2844 Podiensis
1476 2787 1592 2843 invasor
1607 2781 1672 2842 eum
1689 2786 1787 2843 biensi

92 2891 264 2946 permanum
273 2877 912 2952 redditur:aquosollieitehnstodrennuere
965 2877 1104 2949 episeopo
1116 2879 1250 2934 Romanae
1259 2875 1560 2946 sedislegatollugoui
1573 2876 1680 2932 multas
1691 2889 1789 2947 paras-

91 2970 170 3022 moto
183 2981 302 3023 suorum
319 2967 513 3039 amminiculo,
528 2966 607 3025 solus
620 2968 723 3025 deduci
741 2972 784 3025 est
798 2970 907 3040 jussus.
967 2970 1012 3023 set
1029 2966 1161 3037 insidias,
1179 2966 1337 3022 novissime
1352 2970 1468 3021 euntem
1490 2979 1554 3021 eum
1576 2963 1612 3019 ad
1631 2962 1786 3020 concilium

92 3056 220 3125 Cumque
237 3061 404 3112 moueretur
419 3071 433 3111 a
451 3056 628 3126 presidente
642 3057 808 3129 episeopus,
828 3061 858 3114 ut
874 3059 909 3114 do
966 3056 1041 3126 apud
1068 3054 1182 3112 Clarum
1208 3056 1344 3124 Mentem,
1360 3068 1424 3109 eum
1445 3052 1592 3109 canonicis
1611 3054 1679 3107 ante
1695 3051 1787 3142 altare

90 3145 909 3217 concessisbeogratiasagaeretetvirumhonoredignum
966 3147 1076 3199 sanotae
1090 3143 1185 3200 hieriae
1201 3142 1346 3212 convenit,
1364 3145 1392 3197 ct
1410 3155 1441 3196 se
1462 3139 1578 3213 placitis
1598 3140 1661 3210 ejus
1677 3138 1712 3195 de
1728 3140 1788 3212 epi-

91 3232 146 3287 sibi
157 3233 343 3289 commissum
353 3233 552 3303 adjnvarct,ct
564 3234 591 3289 in
603 3235 775 3291 omnibusut
788 3236 912 3292 decebat
966 3237 1087 3303 scopata
1104 3233 1382 3302 obtemperaturum,
1394 3230 1417 3286 si
1431 3230 1457 3284 in
1472 3227 1597 3285 concilio
1609 3228 1673 3285 fons
1688 3241 1786 3285 causae

92 3320 213 3376 honeste
233 3323 384 3390 tractaret,
407 3321 667 3391 praedecessorum,
682 3321 823 3377 brunonis
835 3323 912 3378 scili·
966 3321 1029 3391 ejus
1047 3319 1282 3391 prolongaretur,
1299 3316 1556 3391 promisit.Glerici
1573 3331 1688 3387 quoque
1700 3315 1788 3372 idem-

91 3412 138 3462 eot
157 3406 287 3478 episcopi
310 3406 445 3462 willelmi
465 3407 591 3479 abbatis,
613 3424 735 3479 quorum
757 3410 913 3468 laudabilis
966 3410 1055 3465 tidem
1078 3409 1286 3480 promiserunt,
1304 3408 1326 3464 si
1351 3407 1501 3480 promissis
1517 3406 1601 3462 tidem
1627 3405 1786 3478 episeopus

92 3495 439 3566 praedicatnrsocietaset
453 3496 587 3553 caritatis
599 3498 784 3570 unanimitas,
793 3501 913 3558 montio·
968 3513 1085 3555 servare
1102 3497 1201 3567 nollet,
1218 3512 1248 3554 sc
1264 3511 1328 3553 euru
1345 3496 1525 3564 deserturos,
1538 3498 1567 3550 et
1578 3495 1713 3551 Romanae
1725 3494 1786 3551 sedi

91 3597 155 3639 uem
166 3583 276 3641 faciens
288 3603 294 3638 ε
305 3584 793 3660 Si,inquit,a'ataameoaodjcocro,
804 3591 915 3648 condi·
967 3587 1151 3658 obedituros
1168 3586 1259 3657 lgitur
1275 3591 1343 3657 post
1358 3583 1553 3656 expletionem
1569 3580 1687 3639 concilii
1699 3580 1788 3639 Clari·

92 3672 199 3743 fccero,
211 3687 269 3728 aen
280 3686 314 3729 ea
325 3673 913 3750 tractaverocaritatcctdclcedice,qeu
968 3675 1136 3745 montensis,
1155 3680 1276 3747 propter
1291 3674 1455 3746 pactionem
1473 3687 1557 3742 quarn
1574 3671 1635 3744 ipse
1647 3670 1788 3744 promise·

90 3761 191 3817 Bracae
203 3760 910 3833 Wilblmcm,depersoneracaonoremeo.bivio·
969 3768 1012 3820 rat
1024 3764 1097 3820 infra
1112 3762 1174 3819 dies
1185 3768 1218 3820 la
1238 3763 1369 3834 quibusa
1392 3762 1513 3833 prefato
1535 3760 1631 3818 Diensi
1646 3759 1787 3832 episcopo

91 3850 908 3926 nensesautemiratresconeilioprimodieintcrfucrant,
965 3847 1802 3923 uronereturabepiscopatucessaturumanteexpletiet

90 3941 118 3993 et
135 3938 201 4010 quia
223 3952 274 4010 per
294 3953 326 3995 se
351 3939 520 4010 nequibant,
537 3938 681 3998 electione
704 3943 852 4014 pontilicis
865 3945 909 4001 sui
965 3955 1028 3999 nem
1041 3942 1152 3998 dierum
1164 3945 1353 4011 statutorum,
1366 3955 1431 3995 curn
1441 3938 1499 4009 jam
1511 3937 1681 4008 Lugdunum
1692 3936 1788 3992 venis·

90 4026 227 4082 ordinare
243 4026 408 4084 ecclesiam
423 4034 639 4085 concesserant.
658 4031 744 4087 Sexta
760 4037 823 4089 erat
839 4033 909 4090 feria
965 4035 1022 4102 set,
1039 4030 1073 4086 ad
1090 4029 1209 4086 Pedium
1226 4029 1324 4098 rediit,
1339 4027 1439 4100 paucis
1455 4042 1553 4084 secum
1569 4024 1727 4082 comitibus
1743 4039 1788 4082 as·

90 4129 144 4184 qua
162 4115 223 4172 haec
234 4116 309 4172 lacta
321 4120 404 4180 sunt;
417 4123 446 4172 et
456 4117 522 4186 quia
535 4117 641 4174 electio
658 4119 791 4190 fratrum,
805 4120 910 4192 quibus
965 4119 1101 4190 sumptis,
1119 4117 1232 4173 donnus
1242 4117 1335 4186 Ilugo,
1349 4116 1415 4187 quia
1432 4129 1532 4172 omnes
1548 4111 1734 4186 tyrannidum
1747 4111 1788 4168 in·

90 4218 216 4274 praeesse
233 4204 368 4274 debebat,
382 4209 413 4260 ut
428 4204 535 4260 assolet
552 4206 767 4278 requirebatur,
786 4209 839 4265 hcc
856 4210 910 4265 fuit
965 4206 1078 4265 vasonis
1092 4205 1173 4261 illius
1183 4207 1348 4274 suspectam
1359 4203 1516 4272 habehant,
1529 4206 1558 4257 et
1571 4201 1598 4256 iu
1614 4199 1788 4258 celebratio·

90 4291 361 4362 diffinitioeoncilii,
371 4293 434 4349 utsi
445 4292 646 4350 diebominieo
659 4295 908 4354 fratreseloetioni
965 4309 1001 4351 ue
1014 4294 1108 4351 missae
1120 4297 1182 4365 post
1196 4293 1351 4349 recitatum
1363 4290 1545 4362 evangelium
1557 4287 1789 4361 intrepiduscle·

90 4380 308 4436 consentientes
323 4381 520 4452 advenissent,
532 4381 646 4439 clectus
665 4385 908 4443 benediceretur:
967 4398 1029 4441 rum
1046 4387 1076 4439 et
1102 4382 1248 4454 populum,
1266 4380 1332 4452 quia
1353 4383 1416 4436 urat
1436 4379 1542 4436 absens
1562 4377 1736 4450 Stephanus,
1753 4377 1789 4433 de

91 4465 115 4520 si
128 4465 298 4537 noneleetio
309 4471 509 4524 cassareturet
521 4469 614 4526 adsua
625 4471 739 4540 regredi
751 4473 909 4532 sineretur.
927 4449 952 4509 D
968 4472 1100 4545 pactione
1110 4485 1175 4527 cunr
1187 4484 1220 4525 eo
1233 4469 1307 4525 facta
1319 4467 1466 4537 convenit,
1477 4469 1506 4523 et
1518 4481 1552 4522 ne
1563 4467 1590 4523 ei
1599 4466 1627 4522 in
1639 4468 1788 4537 posterum

91 4554 133 4610 Ob
150 4553 178 4610 id
190 4555 225 4610 ab
236 4554 376 4626 episcopo
387 4560 415 4611 et
429 4556 503 4613 duce
515 4559 621 4615 nuracio
633 4561 753 4632 prepeti
766 4577 854 4619 eursu
866 4563 911 4619 lii·

90 4643 167 4699 vioni
184 4643 307 4712 directo,
325 4644 371 4699 die
386 4648 416 4699 et
431 4645 500 4700 hora
517 4648 682 4716 praestituta
705 4650 811 4706 iratres
825 4651 911 4708 adve-

90 4731 184 4803 niunt,
196 4731 367 4788 electionem
381 4732 484 4789 iactam
501 4733 612 4806 scripto
628 4736 778 4808 roborant,
795 4743 824 4793 et
843 4741 910 4795 obc-

90 4818 206 4876 dientiae
230 4821 295 4891 ejus
317 4821 403 4877 subdi
428 4836 484 4877 non
508 4823 707 4880 reformidant.
730 4825 858 4883 Laudant
881 4828 910 4884 in

86 4907 180 4977 jubilo
209 4908 306 4966 cordis
327 4914 356 4965 et
379 4909 439 4965 oris
459 4911 608 4968 bominum
633 4918 662 4968 ct
691 4915 909 4984 magnificantes

89 5008 154 5049 eum
169 4993 249 5036 Μ
262 4997 289 5052 in
302 5012 388 5053 uuurn
397 4997 527 5053 exaltant
539 5014 641 5055 nouren
651 5001 714 5070 eius
726 5001 752 5057 in
764 5001 790 5057 id
804 5003 908 5073 ipsum.

89 5082 160 5152 (fol.
177 5082 242 5153 99'.)
259 5086 320 5141 Uno
343 5085 433 5155 igitur
453 5086 510 5156 die,
528 5086 557 5142 id
581 5094 625 5144 est
642 5088 688 5145 die
712 5091 860 5148 Dominico
878 5095 910 5147 lh

90 5169 234 5227 Kalendas
249 5172 350 5230 Octob.
368 5176 535 5233 consecrati
547 5181 617 5234 sunt
627 5177 704 5250 apud
715 5179 824 5236 Eduam
836 5194 912 5236 sum·

966 4559 1120 4618 obedirent
1143 4556 1306 4629 apostolica
1332 4555 1509 4613 auctoritate
1534 4553 1693 4627 prohibuit,
1720 4553 1787 4611 data

965 4649 1074 4704 ineurn
1100 4645 1148 4717 qui
1174 4660 1205 4701 se
1230 4645 1448 4713 absentaverat,
1476 4641 1788 4699 excommunicationis

965 4734 1120 4804 sententia,
1138 4734 1163 4790 si
1180 4733 1304 4790 ulterius
1319 4731 1452 4788 ecclesiae
1473 4730 1612 4787 incubare
1632 4744 1789 4801 praesume·

965 4829 1019 4882 ret.
1038 4823 1127 4891 Quam
1144 4823 1207 4894 eius
1227 4818 1557 4878 excommunicationem
1574 4817 1698 4873 domnus
1714 4832 1788 4892 papa

965 4912 1157 4983 confirmavit,
1175 4909 1308 4967 scribens
1331 4907 1480 4980 episcopis
1500 4904 1658 4962 Galliarum
1676 4906 1704 4962 ln
1724 4906 1789 4965 baee

965 5001 1054 5058 verba
1068 5020 1074 5054 z

1004 5111 1017 5139 «
1029 5087 1185 5159 Gregorius
1195 5084 1360 5159 episcopus,
1373 5098 1478 5141 servus
1488 5096 1641 5141 servorum
1653 5083 1714 5154 liei,
1725 5084 1788 5140 uui·

966 5178 1059 5235 versis
1071 5175 1227 5233 Galliarum
1238 5172 1384 5247 episcopis
1395 5176 1423 5230 et
1436 5171 1552 5229 eunctis
1563 5169 1720 5229 ordinibus
1732 5172 1788 5229 sub

772 5319 888 5376 VlARAE
908 5318 1099 5375 LECTIONES

124 5378 205 5421 Μ’
219 5395 284 5438 cunr
299 5396 324 5438 e.

883 5487 993 5544 NOTAE.

126 5548 190 5615 lbi)
206 5548 284 5607 Obiit
304 5563 330 5608 e.
346 5549 424 5610 1082.
