3788 5992
148 191 228 266 lass
459 179 595 259 ossis
616 170 1145 254 uuonan-narsnnuna
1168 166 1555 255 oonnlnrxnortrse·
1792 170 1859 240 tta

148 322 243 386 adnue
258 324 351 380 inerat
379 316 553 378 lacrimosus
566 317 677 386 unitus,
700 327 757 374 non
774 321 832 372 tam
851 315 910 371 iatu
923 311 975 370 iin·
988 294 1016 358 Α
1031 311 1138 372 locum.
1152 310 1190 368 nt
1200 303 1375 369 venerabilis
1389 303 1545 380 episcopus
1559 302 1673 363 dubius
1690 312 1771 377 qnos
1784 315 1861 363 exer

149 429 213 487 guae
236 427 320 485 quam
333 412 394 484 ipse
408 409 496 481 eoepit
514 423 602 479 opere
614 403 883 476 ciarnaro³⁰⁹²,iiiud
904 402 976 460 diti·
1032 405 1078 460 tus
1092 399 1271 458 inventionis
1287 398 1409 454 haberet
1428 395 1537 466 exitus,
1554 409 1619 452 oum
1638 393 1767 451 militari
1783 409 1858 452 ment

148 504 230 562 nitus
241 498 579 558 reductumanteocuius
590 496 694 551 inentis
705 509 780 550 suan:
794 494 976 563 quiajastas
1030 491 1205 554 advenerat;
1219 483 1581 543 sednoniaciieabincoiis
1592 482 1857 555 quaesitaobtinert

145 583 976 667 potestestaspercipiendarumcitarenturtcejasta
1031 579 1157 645 ualebat,
1181 576 1248 647 quia
1274 574 1423 646 saepedicti
1440 572 1555 644 tyranni
1572 578 1654 629 metu
1672 586 1730 629 nec
1746 573 1857 629 bonose

148 679 315 754 pacc(lsut‘.
330 692 395 741 curt,
412 680 447 747 i).
459 675 523 730 liox
536 673 612 728 enirn
631 676 790 727 convocata
804 670 977 727 dotncsiioo
1031 668 1487 742 scirenectumuiatum⁴⁰⁰⁰apud
1499 667 1792 726 seiateriaudebant
1805 668 1853 724 ⁶⁰⁹¹.

149 784 213 828 rum
229 773 259 824 et
274 764 480 823 clientulorum
493 761 691 828 multitudine,
711 761 763 815 bos
774 760 975 828 sacramentis,
1031 764 1085 818 Sed
1106 776 1220 833 quaqua
1252 774 1365 816 vcrsurn
1377 758 1423 791 ⁴⁰⁰²
1434 764 1524 827 esset,
1550 757 1666 829 optatis
1681 762 1795 827 tamen,
1810 758 1854 812 beo

150 857 218 915 illos
232 853 404 930 precatoriis
421 850 603 920 astringebat
620 849 729 919 verbis,
747 854 777 906 ut
796 849 862 920 quis
875 848 976 904 e'ororn
1031 850 1146 907 uolente
1162 858 1191 904 ut
1206 849 1304 919 aliquo
1319 845 1376 880 ⁶⁰⁰³·
1390 846 1541 918 prodente,
1556 845 1677 917 potitus
1693 850 1742 902 est
1753 861 1761 912 ;
1773 843 1850 901 eleva·

151 938 576 1007 recensoccisurnostenderet,
588 937 682 992 locun
696 936 977 1008 projecticadaveris
1032 937 1194 1009 tamquede
1210 938 1354 993 absconso
1371 935 1519 991 lucernam
1536 933 1639 991 attulit
1656 948 1751 1007 super
1765 934 1853 990 cande

152 1033 330 1103 designaret,
349 1043 400 1086 sua
416 1027 521 1098 gratia,
539 1041 592 1082 suo
609 1025 748 1096 deinceps
765 1024 906 1082 beneficio
922 1038 977 1079 non
1033 1026 1144 1084 labrum
1158 1026 1243 1097 bujtrs
1254 1024 1456 1093 ecclesiasti
1469 1037 1545 1080 nunc
1553 1023 1743 1079 intrantibus
1751 1023 1852 1080 domun

151 1127 277 1181 careret.
290 1121 417 1176 Putasne
428 1116 514 1173 laetus
527 1115 651 1182 exstitit,
669 1114 717 1186 qui
732 1116 784 1170 bac
798 1115 822 1169 in
836 1130 867 1170 re
878 1115 922 1170 sui
935 1128 979 1170 se·
1031 1115 1143 1171 llornini
1159 1116 1240 1172 claro
1254 1112 1380 1182 refulget
1395 1111 1512 1168 inrnine.

152 1208 246 1265 nioris
265 1205 343 1264 votis
373 1202 545 1261 satisfacere
571 1202 673 1270 ualuit,
701 1217 765 1257 curn
782 1201 897 1257 cunctis
913 1201 978 1257 luce
1067 1208 1092 1259 u.
1112 1203 1280 1275 inpediente
1295 1201 1340 1235 ‘⁰⁰⁴
1356 1199 1450 1256 nostri
1464 1213 1567 1256 sensus
1582 1197 1803 1268 tenuitatem,
1815 1198 1853 1253 ui

151 1297 261 1354 clarius
272 1296 451 1369 patesceret,
465 1291 494 1347 id
506 1290 645 1360 mandati,
667 1290 923 1346 duursacramenta
938 1291 979 1345 oi·
1033 1308 1087 1348 nus
1100 1292 1230 1348 valemus
1253 1291 1396 1362 prolerre,
1427 1303 1512 1358 quam
1535 1287 1645 1344 decoro
1661 1292 1694 1344 et
1711 1286 1852 1357 sollempni

38 1439 41 1444 .
151 1382 405 1454 serret³⁹⁹³,abeo,
419 1381 470 1451 qui
481 1395 513 1435 ea
526 1383 743 1449 acceptaverat,
768 1392 926 1449 accepisse,
943 1392 979 1435 ex
1034 1381 1187 1436 missarum
1204 1379 1297 1435 offlcio
1314 1377 1445 1450 pontiicx
1466 1374 1574 1432 nobilis
1593 1375 1760 1447 exsequias
1773 1375 1853 1432 denno

151 1473 237 1544 eujus
254 1469 408 1544 praesentia
422 1470 471 1524 iiia
481 1468 612 1539 gratiosa
631 1467 814 1523 lacrimarum
830 1467 980 1522 inundatis
1035 1470 1087 1525 viri
1099 1468 1293 1525 celebraverit
1306 1464 1488 1531 nobilis;sed
1501 1465 1569 1520 inibi
1580 1469 1628 1521 est
1638 1464 1758 1534 videre,
1766 1462 1852 1536 siquid

153 1561 359 1636 produxisset?
370 1560 427 1614 Nec
440 1571 530 1626 irrora,
540 1557 721 1627 quibusnota
734 1559 795 1611 crat
807 1571 853 1612 res
862 1556 981 1627 propius
1036 1557 1119 1613 deest
1131 1556 1206 1613 viclo
1219 1556 1334 1626 lingue.
1343 1555 1402 1612 iluc
1419 1553 1586 1611 memoriale
1598 1553 1645 1611 sui
1658 1553 1789 1610 nominis
1799 1552 1852 1608 iecit

154 1650 339 1718 accedentes
350 1647 416 1718 pius
431 1644 922 1716 nitebanturfideies³⁹⁹⁴apparere
933 1643 981 1713 qui
996 1653 1022 1712 Β
1038 1647 1113 1702 idom
1129 1645 1260 1717 pontifex
1276 1645 1304 1700 in
1322 1645 1426 1701 diebus
1442 1643 1514 1713 suis,
1529 1641 1608 1714 quod
1624 1641 1655 1698 in
1667 1641 1807 1700 memoria
1818 1639 1854 1673 Ν

154 1733 634 1809 terioraepiscopoanticipassent
647 1747 777 1789 narrare.
792 1734 915 1789 Dauniae
925 1730 981 1801 ³⁹⁹⁶,
1038 1740 1104 1790 autc
1119 1734 1208 1790 beorn
1224 1738 1320 1788 manet
1338 1733 1364 1787 in
1379 1735 1534 1789 aeternum.

156 1824 366 1897 inquinantes
376 1821 598 1892 sinuspasstts,
612 1820 664 1875 tati
680 1820 786 1877 tacito
799 1819 924 1877 tutetur
934 1821 985 1876 iau.
1073 1827 1098 1878 7.
1117 1823 1227 1879 Octavo
1250 1819 1394 1877 ilaiendas
1409 1820 1533 1891 Augusti
1558 1824 1682 1876 auctum
1692 1818 1742 1853 *ω*
1752 1822 1796 1875 est
1810 1818 1854 1872 boc

154 1913 255 1971 maior
274 1912 329 1966 ⁸⁰⁹⁶.
348 1913 387 1966 De
398 1910 443 1966 his
458 1925 527 1980 ergo
543 1908 735 1978 certificatus,
747 1911 891 1965 tractabat
909 1909 984 1980 apud
1039 1911 1217 1968 domicilium
1234 1909 1336 1966 caelibe
1349 1907 1414 1976 tali;
1428 1908 1727 1980 quicojusmeritisit
1739 1906 1853 1974 incelis,

156 1999 465 2073 sevir'pius,quaiiter
480 1997 627 2054 occuitum
640 1998 809 2053 thesaurum
827 2013 887 2054 suae
899 1998 985 2053 iuicr-
1038 2000 1100 2070 ejus
1116 2013 1185 2056 caru
1200 2003 1314 2054 mortua
1331 2000 1459 2054 testatur
1475 1997 1503 2052 in
1520 1996 1621 2054 terris.
1638 1998 1714 2053 Nam
1731 1996 1767 2054 ad
1778 1996 1855 2068 ipsius

157 2088 364 2158 retectione,
381 2088 430 2145 ubi
454 2087 536 2143 locus
558 2087 700 2142 orationis
729 2086 841 2141 martiri
868 2089 984 2158 pateret
1024 2085 1181 2146 tumulum
1205 2102 1271 2144 cour
1301 2085 1460 2143 adveniunt
1475 2085 1556 2155 aegri,
1586 2084 1722 2142 sanitate
1750 2088 1853 2156 recepta

158 2176 343 2249 quandoque.
353 2176 483 2245 Sedquia
495 2173 652 2230 diiiicuitas
669 2173 880 2243 tongeremota
892 2175 984 2245 regio·
1038 2181 1187 2248 compotes
1198 2176 1321 2232 redeunt
1335 2189 1378 2230 sur
1389 2174 1460 2229 voti.
1474 2173 1554 2229 Unde
1564 2173 1602 2229 ab
1613 2173 1775 2244 ymnidicis
1784 2186 1855 2243 angr-

157 2262 760 2334 nisellscturndenegabatsuisdesideriis,
773 2262 909 2318 volvebat
920 2279 984 2320 rur·
1037 2264 1130 2321 lorum
1146 2265 1242 2320 choris
1256 2263 1350 2332 gioria
1366 2262 1429 2319 laus
1444 2262 1576 2318 ethonor
1592 2262 1631 2318 sit
1642 2261 1766 2318 nomine
1775 2260 1855 2318 Omni

156 2369 207 2414 sus
218 2353 313 2412 animo
329 2351 429 2409 conari
441 2351 540 2407 saitinr
554 2351 660 2406 alicubi
678 2351 850 2419 transferre,
864 2351 912 2408 ubi
927 2353 983 2408 sub
1038 2352 1175 2424 potentis,
1202 2353 1250 2422 qui
1272 2352 1390 2408 beatum
1412 2350 1488 2408 huno
1504 2349 1633 2408 assiduis
1646 2364 1808 2408 eoruscare
1820 2347 1855 2380 *Μ

155 2458 207 2502 sua
224 2445 304 2501 esset
324 2441 434 2498 ditione
441 2439 488 2473 ³⁹⁰⁷
499 2445 527 2495 ct
540 2454 671 2509 congruo
684 2439 738 2495 sibi
751 2439 917 2510 quiesceret
932 2440 983 2495 ho·
1039 2441 1107 2498 iacit
1121 2441 1281 2498 virtutibus
1291 2439 1338 2473 ‘⁰⁰⁹
1352 2443 1383 2495 et
1393 2438 1551 2496 miraculis.
1567 2440 1608 2495 ite
1622 2439 1737 2509 quibus
1748 2437 1784 2494 ad
1794 2436 1856 2495 utili

154 2543 236 2588 nore.
245 2528 370 2586 Tandem
378 2526 488 2584 salubri
504 2524 981 2598 repertoconsiiio,adTheologiae
1037 2533 1128 2586 tatem
1144 2528 1271 2585 iideiium
1298 2543 1389 2600 pauca
1416 2527 1577 2585 reseremus
1597 2525 1656 2599 ****,
1675 2526 1732 2584 sed
1749 2526 1856 2600 plurima

155 2619 327 2687 cenobium,
338 2616 405 2687 quia
417 2616 461 2672 sui
471 2615 546 2685 juris
556 2615 676 2686 propius
696 2614 816 2685 nullutn,
836 2616 981 2687 disposuit
1037 2619 1211 2689 omittimus,
1225 2632 1288 2689 quae
1300 2617 1429 2688 priorum
1444 2621 1612 2674 nostrerum
1623 2615 1743 2674 desidia
1754 2614 1856 2673 utentis

154 2706 373 2773 aduehendum
390 2705 437 2761 ubi
449 2704 588 2760 nobilium
603 2703 710 2760 colitur
725 2703 861 2759 momoria
877 2710 982 2776 marty·
1038 2707 1197 2778 preteriti,
1223 2705 1308 2762 nobis
1333 2709 1448 2760 manent
1466 2704 1626 2775 incognita,
1655 2704 1712 2762 sed
1729 2706 1788 2760 ileo
1802 2708 1857 2760 sont

154 2807 229 2865 rum,
242 2792 372 2851 iiaurioii
384 2792 522 2848 videlicet
534 2792 655 2863 ejusque
669 2792 824 2848 sociorum.
838 2792 981 2863 Missaque
1038 2802 1114 2851 nota.
1125 2797 1191 2850 iiaec
1204 2799 1273 2851 sunt
1282 2808 1433 2865 ergaque
1444 2791 1624 2850 vidimus⁴⁰¹¹
1634 2793 1685 2850 rel
1696 2791 1857 2864 diligentius

155 2881 302 2956 legatione
313 2881 359 2917 ³⁹⁹⁸
374 2882 489 2938 notoni
503 2882 634 2954 ejusdem
648 2881 815 2936 monasterii
828 2881 915 2952 patri,
928 2881 981 2938 boo
1037 2883 1216 2952 inuestigare
1233 2883 1390 2954 potuimus.

155 2973 250 3044 ipsum
266 2970 379 3029 studuit
397 2971 542 3040 intimare,
561 2970 756 3041 celeriterque
773 2969 800 3024 in
818 2970 881 3026 vico
894 2970 1021 3063 Lusio-C
1072 2972 1191 3029 curvati
1208 2971 1332 3028 duarum
1344 2968 1498 3027 mulierum
1515 2968 1598 3040 digiti
1610 2969 1677 3040 ejus
1688 2969 1816 3026 nominis
1828 2969 1860 3022 in·

155 3065 230 3133 teet,
248 3075 305 3134 quo
330 3067 464 3117 sanctum
489 3059 665 3116 tuniuiaturu
682 3059 825 3128 audierat,
842 3059 898 3114 sibi
914 3074 979 3115 cunr
1036 3061 1189 3119 vocatione
1206 3065 1275 3118 sunt
1291 3060 1397 3117 erecti.
1412 3063 1473 3116 iiuo
1487 3059 1613 3129 denique
1628 3057 1730 3115 claudi
1748 3059 1777 3114 in
1792 3057 1858 3114 anni·

156 3149 202 3208 iris
217 3163 282 3223 quae
306 3148 439 3219 exequiis
455 3148 630 3204 conveniunt
656 3147 774 3203 obviare
790 3146 835 3179 ³⁰⁹⁹
851 3148 976 3220 mandat,
1035 3151 1167 3208 versario
1181 3150 1342 3222 sepulture
1368 3165 1429 3207 suas
1444 3148 1481 3206 ed
1511 3146 1705 3219 sepulchrum
1720 3150 1786 3216 ejus
1800 3161 1846 3202 sun

155 3238 209 3306 Qui
221 3252 323 3312 parere
333 3243 475 3308 promtus,
488 3235 733 3306 donum‚earloste
743 3236 979 3306 susciperegavi-
1033 3239 1303 3298 erecti—listeria
1330 3237 1393 3307 ejus
1405 3235 1553 3309 sepulchri
1565 3236 1694 3306 quadam
1710 3235 1760 3292 die
1776 3232 1847 3291 iundi

155 3341 217 3399 sus,
235 3324 376 3383 adhibitis
401 3340 500 3381 secum
516 3325 551 3380 de
567 3324 707 3379 iratribus
731 3338 796 3380 curu
811 3325 976 3394 hujusmodi
1033 3334 1080 3385 tus
1096 3333 1142 3384 est
1156 3331 1243 3396 muta,
1255 3325 1414 3397 eadenrque
1428 3325 1498 3381 hora
1510 3322 1630 3381 candela
1642 3323 1763 3381 caeiiius
1774 3335 1850 3395 appa·

155 3419 307 3488 apparatu,
323 3414 486 3470 constituta
502 3413 548 3469 die
559 3413 751 3469 constitutum
763 3413 930 3485 properavit
942 3417 976 3472 ad
1033 3418 1091 3473 ruit
1108 3429 1230 3472 accensa
1246 3416 1360 3487 (561).κ
1388 3413 1490 3471 liniier
1507 3427 1623 3484 quoque
1638 3427 1721 3472 caeca
1741 3415 1773 3469 et
1788 3424 1846 3484 para

837 3504 954 3559 VriitiAE
974 3506 1171 3562 LEc'liONES.

191 3573 237 3607 ¹⁰⁹²
253 3573 365 3644 praelati
384 3571 491 3644 spiritu
506 3572 617 3627 visione
632 3571 704 3628 odd.
726 3576 754 3625 3.
832 3572 878 3606 ³⁹⁹³
893 3575 920 3628 iu
938 3575 986 3633 iila
1002 3577 1128 3680 Spiritus
1157 3574 1268 3630 visione
1286 3575 1359 3631 add.
1378 3578 1407 3628 3.
1483 3572 1529 3605 ⁸⁹⁰⁴
1544 3572 1699 3629 nitebatur
1717 3571 1810 3630 fidelis
1824 3571 1849 3640 (i.

159 3660 193 3701 n.
210 3648 255 3715 3.)
273 3674 305 3684 -
321 3643 511 3713 anticipasset
527 3647 552 3697 ἢ,
563 3648 588 3696 3.
628 3641 673 3673 ³⁹⁹⁵
687 3642 806 3697 iiotninc
831 3643 945 3700 dornine
962 3651 985 3702 i.
1037 3647 1070 3681 ⁹⁹⁶
1083 3647 1182 3702 iiicurn
1194 3645 1311 3715 quidem
1325 3648 1353 3701 ei
1367 3643 1440 3700 viarn
1457 3658 1512 3713 qua
1525 3644 1623 3699 aditur
1634 3643 1758 3715 scimus,
1770 3643 1851 3718 locun

158 3729 228 3769 vero
241 3713 401 3783 sepulture
414 3713 530 3783 penitus
543 3714 717 3782 ignoramus
729 3715 765 3767 tit
775 3712 823 3783 qui
834 3728 934 3788 curam
947 3718 1049 3788 ipsius
1063 3717 1236 3789 spiritussui
1248 3715 1456 3784 admonitione,
1465 3715 1538 3785 avis,
1547 3719 1577 3771 ut
1587 3713 1676 3784 dicis,
1691 3712 1851 3786 spectatio

155 3784 313 3852 intimavit,
324 3783 594 3854 nondubionr‚quin
610 3789 640 3839 et
651 3784 771 3840 exuuias
786 3786 918 3856 corporis
930 3802 1113 3858 quocumque
1125 3787 1232 3843 indicio
1249 3785 1391 3842 revelabit
1406 3786 1475 3842 add.
1493 3789 1519 3840 3.
1535 3787 1623 3842 uncis
1638 3785 1772 3842 inclusa.

157 3853 421 3909 ³⁹⁹⁷uevotionetb.
461 3853 836 3923 ³⁹⁹⁸iegatioueabdonii.
896 3856 1144 3915 ³⁰⁹⁹obviaria.3.
1200 3856 1399 3913 ⁴⁰⁰⁰aset.l.
1456 3851 1850 3927 ⁴⁰⁰¹Scduu1saniorisapui

157 3939 209 3981 eos
220 3930 302 3980 erant
313 3925 438 3994 consilii,
455 3931 604 3995 comperta
618 3924 749 3982 e'usdern
761 3926 897 3997 martyris
912 3930 1080 3999 sanctitate,
1092 3944 1176 4000 quarn
1193 3943 1245 3999 per
1259 3927 1423 3997 duodecim,
1440 3927 1547 3998 quibus
1558 3925 1636 3996 apud
1648 3940 1702 3983 eos
1717 3925 1851 4002 detineba-

158 3999 217 4064 tur,
235 3997 297 4051 dics
312 3995 411 4051 nruitis
427 3995 519 4064 signis
529 4001 558 4051 et
571 3942 712 4067 prodigiis
724 3998 837 4052 inerant
849 4001 973 4069 experti,
987 4003 1093 4072 quibus
1107 4007 1163 4056 tam
1176 3998 1291 4056 lucrant
1302 3997 1408 4067 ingrati
1424 4012 1509 4068 quarn
1520 4000 1549 4053 ei
1567 3995 1654 4053 laurio
1666 3997 1720 4054 liei
1739 3997 1850 4077 inopen

156 4066 222 4137 quia
237 4071 266 4122 ut
278 4072 482 4136 asportaretur
494 4081 549 4121 non
563 4067 800 4137 acquiescebant,
814 4069 901 4124 arratis
913 4071 1053 4129 rusticum
1069 4070 1139 4127 iilud
1152 4067 1256 4139 vulgus
1266 4068 1346 4125 illata
1359 4069 1385 4123 vi
1398 4069 1565 4124 deterrebat
1576 4066 1679 4124 addi.
1721 4066 1767 4101 *Μ
1788 4067 1849 4129 ibat

156 4150 241 4193 nemo
255 4136 401 4192 iudicabat
418 4137 535 4192 ubinarn
551 4137 620 4193 add.
638 4141 662 4191 3.
702 4136 749 4171 ****
760 4152 784 4192 a.
804 4139 860 4193 viru
882 4155 967 4210 passo
982 4146 1006 4197 3.
1064 4141 1109 4175 ⁴⁰⁰⁸
1121 4146 1146 4196 3.
1162 4140 1333 4212 dispergit:
1351 4142 1428 4195 Tunc
1442 4139 1582 4196 restitum
1599 4138 1654 4194 luit
1671 4151 1791 4196 sacrum
1800 4150 1850 4192 cor

155 4221 210 4270 uus
224 4210 309 4263 reste
325 4206 502 4264 sacerdotali
517 4238 548 4247 —
566 4207 661 4262 oillcio
676 4209 751 4262 eninr
767 4211 990 4287 presbyteratus
1013 4226 1078 4268 euin
1096 4213 1236 4278 iunctum,
1254 4211 1330 4280 quod
1348 4225 1399 4267 nos
1429 4209 1574 4280 superiori
1589 4213 1676 4266 textu
1696 4209 1848 4268 retulinus,

158 4279 341 4347 asserebant,
354 4309 387 4318 -
401 4278 631 4349 compositisque
646 4278 802 4333 ordinatim
819 4282 955 4337 membris
970 4286 1000 4339 ei
1021 4283 1174 4338 missarum
1191 4280 1341 4337 solemniis
1357 4280 1521 4351 completis,
1539 4283 1673 4339 sancium
1692 4280 1779 4337 lusus
1790 4274 1849 4333 iilud

156 4362 222 4405 cnm
239 4362 344 4404 canora
361 4350 548 4419 processione
564 4348 750 4404 deduxerunt
772 4347 808 4402 ad
830 4348 925 4406 iocum
941 4352 1078 4424 sepulcri,
1096 4358 1124 4408 et
1146 4368 1210 4408 curn
1228 4352 1399 4420 congruenti
1416 4351 1559 4421 obsequio
1573 4351 1761 4421 sarcophago
1776 4351 1851 4420 impe

156 4421 288 4474 suerunt.
306 4418 455 4484 Quomodo
473 4423 568 4474 autern
586 4417 655 4473 iilud
666 4419 728 4498 ipse
740 4418 903 4481 dominuse
928 4422 1045 4493 iscopus
1059 4423 1182 4494 pretiosi
1202 4422 1350 4493 epitaphio
1362 4437 1376 4478 a
1387 4437 1417 4479 se
1433 4422 1513 4478 edito
1524 4420 1638 4477 exarati
1655 4421 1767 4494 lapidis
1780 4433 1852 4477 orna·

156 4489 232 4544 verit
248 4488 387 4558 operculo
402 4490 578 4570 operosique
593 4503 689 4559 opens
707 4488 835 4559 metallo,
854 4437 931 4549 nulla
948 4494 1040 4551 nostri
1057 4493 1125 4563 styli
1144 4493 1268 4549 lacuitas
1288 4493 1417 4564 suppetit
1434 4493 1595 4550 revolvere.
1617 4491 1742 4550 Scilicet
1756 4490 1852 4550 ibidem

155 4566 201 4614 est
215 4558 325 4631 ridere,
343 4559 367 4614 si
385 4560 454 4628 quid
469 4561 552 4616 deest
569 4560 868 4630 imperitioriiinguae.
883 4565 1120 4620 iiocmemoriaio
1136 4565 1188 4620 aio.
1228 4563 1469 4620 ⁴⁰⁰⁵tenuitel.3.
1509 4562 1778 4619 ‘inmemor-taint.
1815 4557 1852 4593 *Μ

154 4632 295 4685 attunt.
334 4628 613 4686 ⁴⁰⁰⁸coruscbaret.
652 4630 960 4690 ⁴⁰⁰⁰vetdesuut23.
1000 4631 1856 4705 ⁴⁰¹⁰reteriu1usa.⁴⁰¹¹quaporeumoperatusestooni·

155 4713 222 4770 nus,
239 4697 325 4754 nobis
340 4699 447 4769 partirn
463 4699 641 4768 uidentibus,
659 4704 687 4758 et
704 4703 808 4771 partini
826 4704 973 4760 seniorum
990 4704 1131 4761 relatione
1147 4704 1302 4760 didicimus
1315 4708 1341 4759 3.
1358 4707 1412 4775 qut·
1427 4704 1472 4761 iio
1483 4705 1603 4776 pergit:
1620 4704 1692 4760 Cum
1712 4719 1763 4762 vas
1780 4701 1855 4770 iilud,

155 4770 232 4842 quod
249 4769 335 4839 vulgo
351 4773 460 4826 tonnus
476 4771 652 4841 nominatur,
671 4772 698 4826 in
714 4788 771 4843 quo
786 4773 924 4830 videlicet
939 4790 1053 4831 sacrum
1072 4777 1165 4831 iuerat
1185 4790 1292 4845 corpus
1308 4775 1440 4845 aliatum,
1457 4776 1576 4832 decreto
1600 4774 1756 4844 pontilicis
1772 4774 1857 4847 ipsius

154 4846 271 4913 ingesto
298 4844 377 4895 esset
395 4840 460 4910 igne
476 4842 673 4911 cremandum,
691 4856 724 4897 nc
741 4843 809 4913 quid
827 4844 901 4899 iorte
918 4846 1032 4902 cruoris
1045 4847 1099 4902 etc.
1115 4846 1167 4902 etc.
1181 4845 1230 4915 (cf.
1242 4846 1331 4918 infru
1345 4861 1375 4902 a.
1393 4850 1448 4918 37).
1463 4847 1699 4917 t'eteroquoque
1713 4845 1857 4906 miracuta

153 4910 440 4985 qnterpoiott'ont'bus
455 4911 588 4969 castici
600 4912 663 4970 otio
677 4913 782 4971 oratius
796 4914 946 4986 disposuit
960 4920 984 4971 3.
998 4917 1047 4988 (ec
1062 4919 1127 4987 ssi.
1142 4917 1203 4992 Nos
1222 4930 1259 4972 es
1274 4922 1300 4973 a.
1317 4916 1440 4987 edimus,
1456 4929 1583 4989 queem
1599 4924 1622 4973 t.
1640 4917 1793 4977 consesti.

192 5067 269 5142 (tor)
283 5069 350 5125 lieo
365 5068 457 5126 insius
473 5069 501 5124 in
512 5068 576 5126 cod.
592 5073 607 5124 ³
623 5069 689 5126 loco
703 5086 790 5143 supra
808 5071 897 5128 aliato
913 5088 978 5130 nar·
1031 5075 1162 5132 mustum
1176 5074 1255 5131 tanti
1268 5074 1411 5132 minacius?
1426 5088 1465 5147 op
1486 5074 1549 5133 sust·
1559 5072 1629 5130 ostie
1659 5089 1730 5135 ores
1743 5081 1856 5137 suxttr

154 5145 277 5206 rantum
293 5137 345 5195 sed
356 5139 443 5197 alium
458 5154 582 5210 eumque
594 5141 786 5225 recentiorem
801 5143 976 5223 scriptorem
1031 5145 1145 5211 cutim
1160 5144 1210 5200 ubi
1228 5145 1444 5216 tamdiupcpett
1466 5159 1523 5227 ers,
1538 5157 1617 5218 quoa
1639 5149 1855 5274 expresseris

155 5209 977 5281 bacarguuutrerba:Hocunamflteitretoltoncosro-
1032 5214 1854 5291 timotinstmaaiiius‚qttosltu7usatiraottijomotr

155 5277 762 5364 triissejrtsdernmouusisriiaccepimus,
775 5282 977 5410 eioiolupidaf
1031 5286 1155 5354 eisaei,
1181 5284 1214 5342 ol
1236 5285 1355 5344 medela
1375 5287 1537 5344 remedium
1550 5286 1854 5360 opeterginae

153 5349 478 5419 strittrspraedtcotur,
526 5353 708 5409 cicatricosa
723 5367 864 5424 crepuscu
877 5356 977 5412 orolo-
1030 5369 1130 5414 sorum
1144 5354 1248 5414 usibus
1258 5358 1550 5428 consummantibus
1560 5356 1601 5415 ad
1611 5357 1760 5421 bonorem
1770 5360 1852 5435 otgit

155 5418 483 5487 teoasrepertrtoatur.
558 5434 647 5479 scam
657 5423 758 5480 nutias
768 5424 893 5482 adalim
904 5439 976 5484 asos
1028 5427 1109 5485 rtem
1119 5427 1412 5500 aetqmmstammu
1420 5427 1676 5502 dtssmsstusii.

153 5500 222 5547 suos
233 5489 357 5546 audiret
363 5494 540 5561 contingere,
550 5491 696 5552 carismatis·
704 5495 827 5552 comitto
837 5494 878 5552 uri
892 5495 975 5554 tett-
