3788 5992
74 230 148 305 rori
425 323 429 330 ,
508 233 1336 310 oaaourex.-orrnnmconomvansmu.
1697 224 1777 301 tora

178 371 311 446 stitutor,
328 379 396 433 tune
412 379 508 434 autem
524 373 638 433 noviter
652 389 812 434 conversus
823 374 852 433 in
864 377 1019 450 peregrino
1033 375 1146 452 habitu,
1163 376 1262 451 ibique
1272 375 1308 434 ab
1319 371 1454 435 omnibns
1464 370 1492 432 in
1503 367 1604 432 multis
1617 369 1777 434 accusaba-

178 453 235 513 tur,
254 444 289 504 de
306 446 410 517 quihus
429 463 460 503 se
483 449 641 518 prudenter
666 449 836 505 excusabat.
863 447 944 506 Unde
967 455 996 506 et
1021 449 1164 524 scriptum
1190 448 1298 520 legitur
1312 448 1348 506 de
1368 462 1414 515 eo,
1430 445 1498 518 quia
1514 463 1520 500 :
1538 441 1648 503 Manus
1669 444 1776 504 taum

178 519 308 575 omnium
323 519 426 577 caretro
440 533 506 576 crem
520 520 549 576 et
563 520 625 590 ipse
638 521 741 577 contro
752 518 803 576 hoa
813 533 920 579 omncs.

106 614 242 685 emadan
260 621 355 672 tamen
371 617 516 674 actionem
531 615 648 674 concilii
660 615 684 673 si
697 615 762 687 quis
778 615 908 689 plenarie
923 631 1101 689 cognoscere
1117 619 1226 690 querit,
1238 619 1266 673 iu
1277 615 1387 673 litteris
1400 612 1551 685 cujusdam
1563 611 1713 670 scolastici
1725 628 1775 670 no·

71 705 146 760 mine
158 705 296 761 ilessouis
309 707 383 777 (att)
394 706 544 775 eleganter
555 704 739 761 enucleatum
752 705 883 777 reperire
896 707 1004 777 poterit
1015 706 1061 741 Μ’
1078 707 1159 780 [Ood.
1175 707 1211 763 Ε.
1228 705 1306 763 idem
1321 703 1476 762 concilium
1490 703 1632 759 demenso
1647 699 1775 772 qualiter

70 798 167 849 aetum
179 793 216 849 sit
227 793 303 850 scire
319 793 496 864 volentibus,
514 793 629 850 dittleile
641 808 696 849 non
708 798 754 849 est
765 794 896 850 invenire
908 796 1019 868 scripta
1030 796 1184 867 cuiusdam
1196 794 1343 854 scolastici
1356 792 1494 850 llessonis
1505 791 1630 859 nomino,
1644 794 1730 862 prout
1741 803 1773 849 se

70 880 239 938 interfuisse
251 885 388 951 testatur,
400 881 573 939 enucleatim
585 881 680 937 omma
692 882 888 941 describentis
898 884 948 956 *t],
962 886 989 941 id
1001 890 1047 942 est
1059 885 1187 957 qualiter
1197 900 1249 941 rex
1258 883 1303 918 Μ’
1315 883 1390 939 inter
1401 894 1522 952 reguum
1533 884 1562 936 et
1574 879 1772 937 sacerdotium
1870 908 1873 915 ·

70 970 105 1025 de
121 971 277 1026 eoncordia
294 971 424 1026 iacienda
440 970 635 1035 consenserim
653 969 771 1040 insuper
785 971 879 1028 eidem
895 973 1029 1044 concilio,
1047 974 1094 1032 oui
1104 973 1151 1007 ’Μ
1160 973 1298 1031 videlicet
1316 975 1349 1028 13
1365 969 1425 1026 ital.
1441 970 1512 1025 Nev.
1530 967 1683 1040 predictus
1698 980 1771 1040 papa

70 1057 196 1115 calistus
210 1058 256 1092 Μ’
273 1061 295 1114 tt
313 1058 437 1115 vallatus
453 1061 504 1113 tad
521 1058 663 1129 patribus,
691 1073 789 1114 coram
815 1059 965 1119 innumera
988 1063 1175 1121 multitudine
1200 1061 1272 1119 oleri
1292 1074 1325 1116 ac
1345 1058 1445 1131 populi
1469 1056 1610 1129 presedit,
1627 1069 1683 1111 non
1699 1055 1772 1112 adeo

70 1162 100 1203 se
112 1146 158 1181 ’Μ
171 1151 346 1219 presentem,
363 1148 488 1205 vicinum
504 1151 610 1216 tannen,
627 1146 808 1215 exhibuerim
827 1149 874 1203 ubi
886 1154 916 1206 et
927 1150 1072 1222 colloquio
1088 1166 1140 1208 suo
1156 1150 1254 1207 domni
1269 1163 1351 1221 papae
1367 1147 1472 1216 legatis
1483 1143 1529 1179 Μ’
1540 1157 1692 1213 concesso,
1710 1146 1772 1198 tan-

69 1236 133 1291 dem
150 1236 282 1291 inducias
297 1236 392 1292 denuo
408 1234 550 1306 quesierit
568 1239 688 1305 propter
703 1235 840 1305 generale
856 1237 1033 1311 colloquium
1045 1255 1109 1297 cum
1123 1239 1305 1311 principibus
1320 1234 1494 1304 babendum,
1512 1248 1566 1305 pro
1585 1230 1771 1289 investituris

69 1325 184 1381 scilieet
195 1325 424 1394 aecclesiasticis,
436 1339 508 1394 quas
522 1326 673 1392 tantopere
686 1325 847 1393 cogebatur
858 1326 1009 1396 amittere;
1021 1328 1056 1383 ad
1071 1327 1202 1384 ultimum
1213 1341 1284 1384 vero
1295 1325 1371 1381 idem
1383 1322 1575 1395 apostolicus,
1586 1322 1681 1377 inacta
1694 1319 1771 1376 iuter

68 1428 99 1468 sn
112 1418 140 1468 nt
152 1427 251 1482 regem
263 1412 434 1479 caricundim
447 1410 597 1484 synodalia
609 1411 852 1481 predecessorum
864 1428 981 1473 suorum
994 1417 1111 1474 decreta
1123 1415 1338 1472 confirmaverit
1351 1413 1423 1484 (Oct.
1437 1413 1492 1483 30),
1506 1409 1621 1479 aliaque
1632 1406 1769 1465 nonnulla

67 1517 131 1572 quae
148 1517 195 1556 res
211 1501 346 1570 exigebat
364 1501 477 1557 noviter
492 1500 538 1536 Μ’
554 1503 709 1563 addiderit.
728 1503 774 1560 Sic
789 1503 888 1576 itaque
904 1509 972 1577 post
987 1505 1049 1561 dies
1065 1506 1125 1560 iere
1141 1508 1173 1559 ta
1188 1503 1342 1560 invirtute
1360 1500 1487 1572 Spiritus
1506 1497 1600 1555 sancti
1616 1496 1672 1553 rite
1688 1495 1770 1552 linito

67 1590 201 1661 coneilio,
215 1594 338 1647 cunctos
349 1591 510 1662 apostolica
522 1593 725 1651 bencdictione
737 1593 972 1650 cornilrmatos'ad
985 1593 1102 1665 propria
1115 1592 1211 1648 redire
1223 1589 1366 1662 permisit,
1382 1599 1614 1658 unumquemque
1625 1599 1690 1642 oum
1701 1597 1771 1653 gau-

67 1679 124 1733 dio.
149 1681 211 1749 lpse
233 1694 348 1750 quoque
367 1694 424 1735 non
445 1682 536 1739 multo
557 1688 623 1753 post
639 1683 673 1740 ad
694 1682 804 1740 ltaliam
825 1698 993 1753 conversus,
1011 1682 1184 1739 incredibile
1200 1685 1361 1738 memoratu
1375 1676 1423 1711 Μ’
1436 1682 1491 1747 est,
1514 1678 1623 1746 quanto
1637 1670 1769 1745 tripudio

66 1782 211 1838 quamque
227 1767 366 1825 immensa
384 1784 487 1841 pompa
503 1787 558 1827 oon
573 1772 667 1829 solum
681 1772 776 1828 totius
789 1773 897 1844 Romus,
914 1786 1014 1829 verum
1025 1770 1069 1806 Μ’
1081 1772 1169 1828 etiam
1181 1770 1382 1827 universarum
1394 1764 1609 1839 provinciarum
1621 1775 1694 1833 quas
1704 1774 1769 1832 per-

65 1856 235 1927 transierat,
263 1856 370 1913 Christi
385 1858 449 1914 vice
466 1859 505 1914 sit
521 1864 687 1931 susceptus.
710 1860 751 1916 ab
767 1859 817 1917 illo
834 1864 967 1933 tempore
982 1863 1041 1920 tam
1057 1860 1122 1928 ipso
1135 1860 1193 1930 jam
1207 1872 1277 1916 vere
1301 1855 1482 1929 apostolicus
1506 1865 1591 1923 quam
1615 1849 1769 1907 universus

65 1943 145 2000 illum
167 1959 292 2015 sequeus
313 1945 421 2002 Christi
439 1962 511 2017 grex
527 1949 562 2004 de
578 1948 624 2004 dio
641 1949 669 2005 io
685 1948 760 2005 diem
782 1950 925 2021 prolicere
939 1948 1038 2021 coepit,
1060 1947 1152 2006 donee
1167 1951 1272 2004 cuncta
1288 1959 1355 2019 pars
1370 1942 1488 2001 Burdini
1502 1940 1558 2011 Μ’,
1576 1952 1661 2011 quem
1678 1934 1768 2008 aliqui

64 2032 185 2089 idolum
211 2033 416 2102 cognominare
442 2035 546 2106 solent,
564 2035 592 2093 in
609 2037 672 2094 dies
686 2037 831 2094 infirmata
846 2035 903 2109 Μ’,
920 2037 1020 2094 conari
1043 2042 1145 2094 contra
1165 2035 1327 2094 aecclesiam
1342 2033 1445 2099 desiit;
1462 2030 1543 2101 regui
1557 2032 1656 2085 tameo
1670 2028 1767 2098 coepta

63 2122 220 2177 commotio
235 2153 271 2162 —
285 2124 338 2179 abe
353 2122 399 2156 Μ’
414 2123 526 2180 scelus!
544 2156 578 2165 -
595 2109 762 2183 nullatenus
778 2125 897 2197 quievit.

134 2220 173 2289 ‘t)
189 2220 237 2274 Et.
256 2219 326 2276 Alio
348 2232 441 2277 avenn
464 2221 572 2278 addit:
591 2221 751 2291 ndelgotus
766 2222 799 2278 ill
815 2221 924 2291 liugad.
951 2220 1191 2293 archiepiscopus
1214 2219 1288 2276 obiit
1303 2222 1331 2274 et
1346 2216 1448 2274 eodem
1473 2228 1547 2271 auno
1571 2211 1660 2270 etiarn
1685 2212 1766 2281 llugo

170 2290 260 2349 abbas
276 2291 310 2346 xt
328 2290 410 2346 obiit.
427 2305 494 2361 quc
509 2292 556 2347 Ea.
573 2294 692 2365 recepit.

99 2387 157 2441 iloe
172 2401 246 2443 auno
262 2385 388 2458 adelgoz
404 2387 661 2459 liagdeburgeosis
677 2388 924 2461 archiepiscopus,
943 2389 1028 2446 horuo
1041 2388 1158 2459 iuvenis
1173 2392 1203 2444 et
1218 2390 1277 2443 tam
1293 2388 1351 2443 beo
1367 2398 1453 2456 quam
1468 2381 1603 2439 omnibus
1617 2377 1664 2412 ’Μ
1679 2375 1764 2434 bonis

62 2474 262 2544 acceptabilis,
289 2475 443 2531 iniuratum
467 2481 625 2547 preventus
649 2491 764 2547 occasu,
790 2476 878 2534 vitam
904 2482 1071 2550 presentem
1085 2475 1132 2510 Μ’
1151 2477 1180 2532 in
1195 2475 1316 2532 Domino
1342 2473 1444 2529 linivit.
1472 2471 1522 2529 Cui
1547 2469 1635 2526 etiarn
1651 2466 1764 2536 hugge-

62 2577 113 2618 rus
127 2561 173 2595 Μ’
188 2563 347 2620 canonicus
361 2556 499 2621 canonica
515 2563 658 2622 electione
674 2565 828 2623 suecessit.

803 2682 838 2735 h.
858 2681 893 2736 b.
912 2680 1018 2738 MCXX.

97 2777 259 2848 imperator
278 2775 405 2832 natalem
424 2777 538 2833 homini
559 2776 726 2834 wormaciae
742 2792 798 2833 non
815 2777 1007 2850 imperialiter
1026 2775 1196 2835 celebravit.
1216 2777 1323 2832 Postea
1338 2772 1429 2832 ductu
1443 2770 1490 2805 ’Μ
1505 2768 1644 2827 Friderioi
1661 2768 1696 2824 de
1711 2769 1764 2825 hr-
1782 2840 1787 2847 Ι

60 2866 185 2935 nosberg
198 2864 246 2899 Μ’
261 2864 413 2922 saxoniam
431 2860 595 2937 ingressus,
616 2866 715 2937 ibique
728 2866 764 2923 ab
779 2865 826 2899 Μ’
840 2867 986 2940 episcopis
1008 2867 1134 2938 regionis
1153 2864 1243 2935 illius,
1261 2865 1296 2921 ab
1312 2864 1375 2935 ejus
1395 2861 1594 2920 communione
1614 2859 1763 2916 abstinen-

60 2952 149 3024 tibus,
170 2953 199 3009 in
219 2954 368 3010 Franciam
389 2954 588 3020 convertitur;
611 2954 659 3011 ubi
676 2954 822 3012 nonnullis
838 2959 988 3027 acceptus,
1004 2955 1206 3026 compluribus
1221 2953 1309 3010 etiam
1325 2951 1438 3009 invisus
1452 2950 1625 3007 habebatur.
1643 2949 1702 3004 Nec
1716 2945 1762 2980 Μ’

57 3040 151 3097 ruinius
165 3041 276 3099 interea
294 3041 466 3098 scissionem
484 3041 671 3099 inconsutilis
685 3041 792 3098 tunicae
807 3056 867 3099 suae
883 3044 1020 3100 nonninus
1031 3044 1094 3114 ipse
1106 3043 1281 3113 detestatus,
1299 3042 1376 3097 iuter
1390 3039 1490 3111 multa,
1507 3038 1615 3110 quibus
1629 3052 1681 3110 pro
1697 3036 1760 3109 ipso

55 3129 137 3186 orbis
154 3135 297 3187 terrarum
314 3128 428 3200 ilagella
445 3129 594 3201 pugnavit,
612 3130 639 3185 in
654 3129 827 3201 episcopatu
841 3131 1004 3187 trevirensi
1020 3130 1066 3164 Μ’
1081 3146 1180 3188 meuse
1194 3130 1279 3187 lunio
1294 3118 1436 3187 suscitata
1451 3130 1627 3198 tempestate
1641 3123 1687 3160 Μ’
1701 3125 1761 3197 gla-

55 3216 128 3272 ciem
154 3217 233 3275 mirre
257 3217 467 3289 magnitudinis
483 3218 597 3288 effudit,
614 3232 678 3289 quaa
691 3222 720 3274 et
736 3216 782 3250 Μ’
796 3218 919 3277 edificia
935 3219 1043 3276 evertit
1059 3223 1088 3276 et
1105 3219 1159 3275 alia
1176 3217 1307 3291 pericula
1332 3215 1440 3273 intulit.
1467 3213 1618 3271 Saxooiam
1644 3227 1760 3285 quoque

55 3309 86 3360 et
101 3306 224 3362 maxime
239 3306 268 3362 in
284 3307 456 3379 episcopatu
481 3306 715 3363 llalberstatensi
731 3305 777 3340 Μ’
793 3307 855 3364 dira
880 3308 1022 3378 grandine
1047 3308 1215 3380 flagellavit,
1233 3307 1262 3363 in
1278 3309 1391 3362 tantum
1408 3307 1438 3363 ut
1454 3304 1483 3360 in
1498 3317 1600 3360 uorem
1623 3300 1758 3359 villarum

55 3393 162 3450 tinibus
188 3408 242 3451 non
269 3393 362 3452 solum
389 3397 532 3452 frumenta
549 3395 599 3452 sed
615 3399 646 3451 et
663 3396 772 3452 bestias
795 3396 856 3467 agri
874 3411 938 3455 curo
965 3396 1133 3455 volatilibus
1157 3394 1317 3452 innumeris
1341 3391 1567 3465 consumpserit.
1586 3391 1646 3456 Qua
1662 3403 1759 3472 corre·

56 3480 154 3551 ptione
166 3480 212 3514 Μ’
221 3483 363 3539 stimulati
380 3484 517 3553 Saxones,
533 3484 654 3539 crebros
669 3487 832 3541 conventus
847 3485 884 3541 ob
899 3485 1084 3543 concordiam
1101 3488 1207 3556 tacere,
1226 3482 1404 3540 dissidentes
1419 3480 1496 3537 inter
1512 3494 1542 3536 se
1559 3491 1674 3550 pacare,
1690 3477 1759 3533 dex·

55 3574 117 3625 tras
132 3568 255 3626 invicem
270 3569 350 3641 dare,
367 3571 514 3642 predones
529 3571 734 3641 exterminare,
755 3574 970 3646 subpressoque
985 3573 1030 3607 Μ’
1046 3573 1234 3646 imperatoris
1254 3586 1388 3644 persona,
1409 3570 1511 3627 eontra
1532 3581 1647 3624 omnem
1667 3564 1758 3622 homi·

56 3669 119 3712 nem
139 3661 233 3714 terras
253 3673 323 3715 suas
340 3660 478 3716 invadere
500 3659 664 3716 molientem
681 3675 711 3716 se
727 3662 903 3718 unanimiter
918 3677 1031 3719 armare
1044 3667 1212 3736 coeperunt3
1230 3675 1262 3717 ac
1281 3661 1357 3717 inter
1371 3661 1433 3717 haec
1448 3657 1535 3715 etiam
1552 3656 1694 3728 quosdam
1707 3654 1757 3712 mi·

56 3743 124 3801 lites
146 3747 323 3804 caesarianos
347 3748 532 3819 thuringiam
549 3747 594 3782 Μ’
610 3753 761 3806 vastantes
777 3749 805 3805 iu
820 3750 943 3808 castello
967 3753 1162 3809 wassenburc
1176 3750 1223 3784 Μ’
1236 3749 1310 3823 (sto)
1326 3748 1450 3820 singulis
1472 3746 1610 3820 presidiis
1634 3746 1756 3802 circum·

55 3832 215 3904 cludentes,
244 3835 361 3891 taudem
391 3837 510 3907 penuria
540 3836 664 3894 afflictos
690 3837 881 3910 expulerunt;
911 3840 1012 3910 sieque
1035 3839 1062 3896 io
1088 3838 1168 3896 brevi
1194 3853 1294 3910 pacem
1317 3836 1566 3907 jocundissimam,
1591 3834 1661 3891 licet
1685 3833 1754 3890 alibi

54 3935 149 3978 merra
165 3921 211 3955 Μ’
225 3923 313 3979 solita
328 3928 492 3995 grassante,
510 3925 571 3981 suis
587 3926 615 3981 in
632 3925 767 3998 partibus
783 3925 985 3982 instituerunt.
1005 3926 1123 3982 Litteris
1139 3926 1226 3982 etiam
1242 3941 1275 3982 ac
1291 3924 1335 3958 Μ’
1351 3922 1548 3995 legationibus
1569 3936 1650 3995 papae
1670 3921 1753 3978 robo-

54 4010 120 4081 rati,
141 4011 313 4068 vacantibus
334 4012 483 4069 kathedris
498 4012 543 4046 Μ’
558 4014 697 4070 canonice
713 4018 849 4085 pastores
870 4013 1039 4085 elegerunt:
1057 4029 1139 4086 quos,
1156 4013 1302 4070 mediante
1318 4011 1483 4083 liogontino
1497 4010 1615 4082 presule
1630 4008 1685 4079 Μ’,
1704 4009 1752 4082 qui

53 4104 123 4156 tunc
139 4099 188 4155 illo
207 4100 284 4168 regis
302 4099 498 4157 declinaverat
514 4102 598 4171 iram,
618 4102 808 4173 probabiliter
823 4106 853 4159 et
868 4103 1077 4161 aecclesiastica
1094 4103 1232 4161 libertato
1248 4095 1414 4159 consecrari
1432 4101 1574 4157 iecerunt.

88 4187 137 4244 llis
159 4189 341 4259 temporibus
360 4189 527 4248 fridericus
547 4191 693 4262 palatinus
710 4206 817 4263 comes,
836 4191 884 4262 qui
901 4207 994 4263 nuper
1009 4208 1039 4249 se
1054 4207 1068 4248 a
1085 4191 1200 4249 ceteris
1221 4191 1392 4261 dissocians,
1410 4189 1488 4260 regis
1504 4186 1638 4244 fidelitati
1655 4186 1752 4243 devin-

54 4280 138 4331 xerat
153 4275 208 4347 Μ’,
225 4276 308 4347 obiit,
324 4278 382 4348 jam
400 4284 558 4350 provectus
578 4284 675 4351 aetate,
697 4284 726 4336 et
748 4285 779 4337 ut
797 4281 912 4338 cuidam
933 4295 1018 4337 servo
1039 4280 1088 4335 bei
1109 4279 1261 4336 evidenter
1281 4277 1441 4335 revelatum
1463 4276 1615 4347 affirmant,
1633 4273 1669 4330 ad
1689 4274 1750 4332 loca

51 4364 175 4435 poenalia
192 4363 238 4398 Μ’
254 4365 347 4422 fertur
362 4366 559 4424 descendisse.
573 4369 657 4426 Bonas
675 4369 820 4426 memoriae
835 4368 994 4439 Dieggerus
1009 4367 1063 4439 Μ’,
1078 4367 1202 4440 primum
1218 4364 1263 4400 ’Μ
1279 4368 1368 4424 abbas
1383 4364 1497 4423 cenobii
1514 4364 1607 4421 sancti
1624 4362 1749 4432 Georgii,

52 4453 176 4525 indeque
188 4463 240 4526 per
252 4453 378 4524 legatum
391 4457 582 4527 apostolicum
593 4456 639 4491 Μ’
649 4458 768 4514 lietensi
786 4456 926 4514 aecclesiae
941 4457 1103 4528 ordinatus,
1122 4463 1187 4528 post
1204 4455 1335 4513 multasa
1349 4453 1426 4525 regis
1438 4452 1575 4510 fidelibus
1586 4451 1683 4508 illatas
1695 4450 1750 4509 sibi

736 4573 852 4629 VARlAE
868 4571 1066 4628 Lectiones,

85 4662 131 4697 Μ’
161 4666 316 4768 ὅ0ιυίιὶοῆ
376 4665 421 4699 Μ’
446 4667 527 4726 deest
549 4672 590 4749 i.¹
635 4667 681 4703 ’Μ
700 4669 780 4727 deest
801 4675 830 4724 7.
859 4672 900 4725 90.
960 4667 1006 4702 Μ’
1021 4668 1149 4725 kalixtus
1172 4672 1201 4749 ⁷:
1227 4739 1232 4749 Ι
1261 4667 1306 4702 Μ’
1332 4681 1436 4771 εἳωξθε
1459 4682 1490 4740 p.
1522 4669 1550 4722 i.
1610 4664 1751 4723 ²⁸⁸⁸deest

209 4737 540 4864 avunr·..rf⁶⁰
989 4739 1035 4866 ‘a‘
1051 4739 1297 4867 rreum
1322 4825 1351 4881 a.
1379 4737 1749 4882 ..armauere

49 4877 77 4927 t.
102 4873 184 4931 aa.
209 4851 322 4959 hesit).
383 4876 428 4911 Μ’
444 4878 524 4959 dictu
544 4884 574 4936 7.
630 4825 678 4914 ΨΜ
694 4883 857 4950 arnesburg
877 4883 928 4938 Ea.
953 4882 1097 4962 arnaburg
1118 4885 1146 4938 i.
1171 4882 1330 4938 arnesberc
1349 4885 1379 4936 7.
1439 4878 1743 4958 '‘⁷⁰deeat6.739⁶.

47 4943 196 5002 ²⁸⁷¹licet.
238 4947 559 5005 ²⁸¹²treverensrt-tt.
602 4950 1127 5022 ²⁸⁷³ternpostasm.tingtaoremr.
1169 4951 1347 5010 “retemta
1388 4947 1744 5006 '⁴⁷⁸halberstadensrlll.

47 5015 95 5069 Et.
113 5018 138 5069 a.
178 5016 224 5050 Μ’
238 5019 421 5074 correctione
437 5021 485 5075 nr.
525 5019 571 5052 Μ’
585 5021 690 5077 itant.
702 5023 750 5077 El.
764 5026 789 5077 ⁶2.
805 5024 827 5076 t.
842 5028 884 5078 tt).
902 5023 1118 5094 subpressoque
1132 5037 1205 5081 coar.
1224 5024 1475 5095 srrbpressaqued.
1492 5021 1708 5090 subpressoque
1720 5023 1744 5075 n.

45 5089 71 5139 6.
89 5088 188 5140 batt.
230 5087 491 5159 ²⁴³⁸tnringiamt.
533 5089 1504 5197 ¹⁸³⁹tvassenbur¹ghtl.6.10.tt.vvasscbur07.wasseuburtl⁰.
1543 5089 1590 5124 Μ’
1604 5090 1631 5146 in
1647 5105 1685 5147 w.
1700 5093 1743 5145 9⁰.

44 5153 133 5210 ²⁸⁸¹e.
154 5171 235 5229 papae
251 5159 322 5214 aei.
344 5174 369 5214 r.
391 5161 418 5214 t.
461 5158 725 5218 ¹⁴⁸¹hathcdrre10.
787 5162 1017 5221 ”destituit
1060 5161 1742 5234 “udovixarateaneptitatedejurxeratar.

43 5221 132 5297 Μ’ρ.
151 5226 343 5284 descendite.
382 5229 428 5264 Μ’
444 5230 594 5301 dietgerus
612 5237 637 5289 7.
677 5232 856 5293 ⁸⁴⁸⁷demtt.
896 5234 941 5268 Μ’
960 5233 1173 5305 apostotieior.

839 5341 948 5398 NOTAE.

65 5429 156 5511 ¹(titt)
172 5430 309 5489 Hessonis
323 5432 397 5490 liber
409 5449 423 5490 a
434 5436 628 5507 Tengnagelio
643 5436 752 5508 editus,
768 5439 860 5496 notis·
963 5439 1038 5513 (ald)
1055 5439 1160 5496 Eadem
1178 5439 1301 5496 tortasse
1321 5454 1385 5511 quae
1401 5440 1622 5511 Wachsenburg
1637 5440 1744 5498 dieitur

46 5514 139 5559 simus
153 5504 209 5558 est.
228 5502 267 5559 cr.
286 5508 349 5560 acta
365 5505 481 5563 concilii
498 5521 543 5579 ap.
559 5508 648 5565 hausi
664 5510 733 5579 lili,
750 5526 777 5582 p.
795 5514 856 5566 2³5.
931 5509 959 5565 in
975 5510 1083 5569 ducatu
1099 5511 1243 5567 Gothano.
