3788 6000
96 139 154 210 aea

677 143 917 209 enubilatam
938 142 1214 209 URAUGIENSIS

1745 149 1806 207 868

97 314 176 365 taxat
187 307 280 380 gratia
293 310 497 365 intemeratum
511 306 703 379 relinquitnr;
717 306 855 381 templum
867 308 920 363 lio·
935 315 961 374 A
978 321 1008 363 se
1024 307 1280 378 triumphaturum.
1292 308 1360 363 llira
1376 312 1472 364 autem
1486 312 1516 364 et
1529 307 1716 365 inestimabili
1731 308 1806 364 divi-

58 434 62 445 ,
98 397 164 452 ruini
189 398 412 454 famosissimum
435 401 463 452 et
485 397 568 466 nerlii,
589 402 619 453 ut
641 398 780 463 arbitror,
804 395 920 452 humani

96 486 195 557 operis
210 489 369 564 structurae
385 485 611 557 comparandum
629 486 780 554 sacrilegae
798 499 922 556 pagano-

98 590 160 629 rum
185 573 317 643 religioni
335 577 515 638 reservatur,
532 579 680 643 tantaeque
706 588 822 643 semper
845 573 921 644 apud

97 662 165 718 illos
180 662 343 717 babebatur
361 661 553 730 venerationi,
571 667 601 716 ut
616 676 761 730 nunquam
779 661 851 717 illud
867 661 921 717 uisi

97 751 220 810 viridiset
231 750 299 805 lotis
310 749 431 820 pedibus
442 747 714 815 iutrarent,nullum
724 763 793 804 vero
803 749 923 805 decbri-

97 840 210 909 stianiS,
224 853 296 908 qnos
309 838 409 908 utique
426 837 548 891 maxime
565 837 727 892 immundos
739 837 920 921 iudicabant,

95 931 203 1002 portet
216 925 584 982 annorumcurriculatam
599 927 824 981 sarracenorum
837 940 921 994 qnam

92 1017 269 1073 thurcorum
280 1018 412 1083 temporo
423 1013 468 1067 vcl
479 1013 554 1067 intra
565 1013 671 1068 atrium
682 1013 793 1081 ingredi
805 1013 923 1084 permit·

93 1107 200 1160 tcrcnt.

130 1195 198 1247 (luni
219 1203 288 1258 ergo
310 1188 439 1244 victores
456 1189 532 1245 idem
553 1204 627 1245 nunc
643 1190 742 1260 armis,
761 1194 792 1244 ut
810 1204 858 1243 res
876 1203 923 1259 po.

94 1280 204 1346 scebat,
221 1277 403 1346 insudarent,
420 1292 495 1332 nuuc
507 1277 622 1333 lusibus
635 1292 667 1333 ac
680 1277 803 1345 deliciis,
823 1282 923 1348 utpote

93 1384 106 1424 a
118 1367 216 1437 glarea
225 1366 324 1435 ieiuna
336 1365 364 1419 in
377 1371 485 1420 terram
499 1365 621 1421 maxime
634 1366 817 1422 fructiferam
830 1371 924 1420 trans-

92 1454 227 1528 plantati,
254 1447 370 1511 sibimet
399 1452 595 1522 indulgerent,
615 1453 775 1509 initlorum
801 1452 924 1508 servitio

93 1559 157 1616 qua>
171 1546 328 1610 tormenta,
347 1556 419 1612 quas
433 1543 547 1611 cruces,
566 1557 674 1612 quasve
693 1542 854 1613 peremnia
874 1541 924 1595 mi.

977 394 1078 450 nitatis
1096 395 1314 466 dispensatione
1335 401 1376 451 tot
1397 397 1504 452 Cluisti
1525 398 1663 466 membra,
1684 396 1802 466 linguis,

977 483 1113 539 tribubus
1129 489 1158 539 et
1174 485 1341 541 nationibus
1358 484 1532 556 differentia,
1554 485 1652 540 subito
1669 485 1696 539 iu
1715 500 1803 541 uniam

977 570 1081 627 Christi
1094 572 1218 627 caritate
1230 572 1421 642 conglutinati
1434 574 1606 630 coaluerunt
1617 588 1735 644 corpus,
1748 589 1805 629 uno

976 674 1076 715 omnes
1101 661 1217 717 Christo
1237 676 1315 731 roge,
1338 661 1388 716 sed
1412 661 1536 731 siugulis
1557 661 1679 731 singulae
1700 668 1805 730 gentes

978 753 1141 819 procuratae
1169 749 1302 819 ducibus
1332 750 1481 805 Gotcfridu
1510 749 1624 806 scilicet
1653 749 1806 804 Lotbarin-

975 835 1069 905 giensi
1092 838 1211 907 suisque
1240 837 1381 893 fratribus
1409 837 1576 893 baldewino
1601 841 1629 893 ct
1658 837 1803 906 Eustatio,

976 923 1124 994 lluoperto
1143 922 1322 995 flandrensi,
1344 925 1413 980 item
1433 926 1582 996 llrroperto
1598 925 1804 995 Normannico,

976 1010 1157 1080 Regimundo
1171 1013 1276 1070 comite
1289 1013 1323 1068 de
1336 1014 1441 1069 Sancte
1454 1013 1567 1082 Egidio,
1580 1014 1701 1081 llugone
1714 1014 1804 1068 fratre

976 1099 1103 1171 Pbilippi
1128 1101 1206 1170 regis
1231 1100 1340 1171 Galliae,
1363 1102 1538 1172 caeterisque
1563 1100 1695 1169 ejusdem
1723 1102 1806 1159 indu·

977 1189 1068 1256 striae,
1094 1189 1365 1260 nobilitatisatque
1392 1190 1572 1246 fortitudinis
1598 1189 1803 1246 bellatoribus.

977 1275 1088 1342 Quibus
1099 1278 1233 1334 omuibus
1246 1280 1419 1335 venerandae
1435 1278 1601 1335 sanctitatis
1612 1286 1642 1334 et
1653 1278 1805 1349 sapientia

977 1365 1081 1436 virum,
1099 1367 1289 1422 llademarnm
1302 1368 1470 1438 episcopum
1486 1368 1570 1437 (284),
1583 1368 1724 1436 prolatus
1737 1382 1807 1437 apo·

978 1453 1102 1510 stolicus
1118 1456 1259 1525 prefecit;
1276 1457 1323 1512 cui
1341 1462 1369 1511 et
1387 1455 1495 1525 ligandi
1518 1454 1708 1524 solvendique
1723 1458 1807 1525 pote·

978 1545 1116 1612 staterae
1128 1544 1213 1599 beatu
1224 1546 1310 1600 Petro
1321 1546 1455 1599 Rornarrae
1468 1543 1529 1599 sedi
1541 1543 1747 1613 hereditatam,
1755 1557 1806 1599 sua

93 1632 185 1689 serias
200 1630 375 1702 superstites
395 1630 574 1686 christicolae
599 1634 781 1702 paterentur,
799 1631 846 1685 vix
865 1630 965 1726 eui·B
982 1631 1044 1688 vice
1060 1647 1174 1705 semper
1194 1634 1386 1689 exercendam
1401 1634 1559 1702 concessit,
1576 1633 1806 1703 insignitumque

93 1719 166 1775 libet
183 1720 334 1790 inexperto
349 1717 489 1774 credibile
504 1724 565 1784 est;
582 1734 633 1790 per
644 1719 810 1789 legationes
826 1723 922 1773 tanuen

93 1808 345 1878 frequentissimas
355 1804 400 1838 ¹⁶²¹
409 1812 438 1862 et
448 1806 599 1878 epistolas,
612 1808 700 1863 ctiam
713 1807 821 1863 anobis
834 1807 922 1863 visas,

93 1895 286 1953 universalem
307 1894 470 1951 aeclesiam
492 1896 633 1951 aecclesiae
656 1894 924 1952 llierosnlimitanaa

92 1984 121 2039 in
135 1983 295 2055 presidium
308 1982 473 2053 lugubriter
488 1982 689 2053 inclamantes,
705 1983 820 2039 adverti
839 1982 923 2039 facile

93 2077 199 2144 potest.
212 2070 367 2127 Predietus
378 2071 465 2125 etiam
478 2070 598 2127 alexius
611 2073 771 2143 imperator
784 2073 925 2127 Cerastae·

93 2159 304 2231 tinopolitauus
327 2173 416 2229 super
435 2160 546 2215 eisdem
568 2160 702 2216 barbaris
725 2160 909 2230 predonibus

92 2262 144 2319 per
156 2247 293 2317 vvrajorem
303 2247 360 2317 jam
373 2247 454 2316 regni
465 2247 509 2303 sui
521 2252 631 2318 partem
645 2248 770 2316 diffusis,
784 2263 840 2303 non
855 2243 935 2318 paul·

90 2351 140 2392 cas
151 2335 291 2407 epistolas
308 2336 422 2391 Urbano
434 2350 516 2406 papae
528 2335 646 2405 direxit,
666 2337 773 2406 quibus
786 2336 815 2393 in
827 2336 924 2392 defen.

91 2424 203 2481 sionem
228 2422 415 2480 orientalium
441 2423 641 2480 aecclesiarum
658 2439 762 2480 senon
789 2423 923 2480 subicere

92 2512 254 2584 deploravit
275 2512 440 2581 obtestans,
465 2515 569 2582 totum,
587 2512 608 2568 si
627 2511 688 2567 fueri
711 2517 822 2584 posset,
847 2510 923 2568 occi.

91 2600 218 2670 dentem,
237 2599 285 2670 qui
298 2599 356 2668 ianr
372 2614 408 2654 ex
425 2600 540 2669 integro
560 2600 720 2656 christiana
738 2601 922 2671 professione

91 2692 273 2756 censeretur,
287 2686 343 2744 sibi
354 2687 381 2742 in
391 2687 567 2756 adjutorium
582 2689 731 2758 advocari,
746 2689 923 2761 promittens

90 2791 143 2849 per
155 2790 186 2830 sc
198 2779 304 2831 cerreta
322 2775 490 2831 necessaria
507 2775 686 2847 praeliaturis
699 2782 778 2833 terra
792 2777 922 2848 marique

92 2863 261 2919 ministrari.
812 2911 816 2920 ,

127 2952 195 3007 lude
218 2955 386 3008 commotus
415 2951 595 3022 apostolicus
617 2958 646 3009 et
670 2953 762 3009 omnis
789 2953 922 3009 aeclesia

90 3039 216 3097 nomana
234 3039 288 3108 ¹⁶²²,
305 3039 443 3109 generale
464 3041 620 3098 concilium
642 3042 670 3097 in
692 3042 837 3113 llispaniae
856 3016 962 3117 cou-C

91 3129 159 3185 iinio
175 3128 249 3201 (⁰282)
266 3127 310 3184 vel
330 3126 385 3198 ¹⁶²³,
408 3133 440 3184 ut
460 3130 575 3199 quidam
599 3128 709 3193 dicunt,
733 3131 837 3186 Parisii
855 3146 923 3188 cun.

89 3217 206 3287 gregari
222 3217 291 3273 fecit
312 3217 372 3285 (ure.
391 3220 488 3288 1095);
510 3232 567 3288 quo
588 3219 676 3273 etiam
692 3217 755 3289 ipse
773 3217 922 3274 laborioso

90 3306 176 3361 nimis
188 3305 292 3360 itinere
304 3304 486 3374 perveniens,
499 3305 661 3363 innumeris
671 3307 720 3376 qui
733 3307 841 3362 ibidem
855 3322 922 3362 eon.

90 3397 230 3450 venerant
247 3392 362 3464 populis
378 3392 623 3464 diversorumque
639 3409 797 3463 regnorum
814 3394 921 3464 legatis

91 3481 228 3538 universa
241 3495 305 3550 quae
317 3480 482 3550 prescripta
496 3485 602 3536 suntet
613 3481 705 3537 multo
717 3482 858 3553 ampliora
870 3497 921 3539 ore

90 3568 296 3625 facundissimo
316 3569 499 3625 declamavit.
512 3569 623 3625 —llux
639 3573 682 3626 tot
699 3569 818 3627 milibus
837 3571 865 3626 in
883 3571 922 3642 la,

91 3659 197 3715 crimas
210 3657 359 3727 resolutis,
374 3657 519 3713 variarum
533 3671 649 3729 quoquc
661 3658 826 3728 linguarum
841 3659 920 3732 plau.

89 3747 187 3803 ctibus
204 3746 231 3800 in
246 3744 336 3801 altum
353 3743 467 3813 levatis,
487 3745 514 3798 iu
531 3745 587 3801 lroc
602 3746 645 3802 cis
660 3746 765 3804 doctor
781 3749 919 3817 egregius

89 3833 290 3890 remissionem
306 3833 434 3889 omnium
451 3831 596 3889 condonat
616 3840 816 3906 peccatorum,
829 3837 863 3906 si,
877 3851 920 3893 re·

89 3922 236 3980 nunciatis
256 3923 390 3979 omnibus
405 3937 469 3992 quac
485 3922 687 3992 possidebant,
711 3940 829 3981 crucem
852 3912 920 3997 post

90 4010 234 4069 Christum
245 4010 420 4067 unanimiter
430 4012 840 4082 portantes,periclitantibus
851 4029 920 4072 con.

89 4099 259 4157 christianis
270 4101 380 4155 ferrent
391 4098 541 4156 auxilium.
554 4099 614 4165 Qua
625 4102 780 4172 sponsione
792 4103 918 4159 arrectis

88 4189 191 4246 animis
209 4187 348 4258 omnium,
369 4187 520 4258 designata
543 4193 610 4245 sunt
628 4189 663 4244 ad
681 4205 803 4260 presens
819 4191 846 4246 in
863 4192 917 4247 Do·

87 4277 156 4334 mini
168 4276 304 4333 miliciam
314 4277 435 4333 circiter
447 4280 552 4332 100000
562 4278 703 4349 virorum,
714 4293 750 4334 ex
762 4279 916 4348 aquitania

980 1720 1105 1776 caelestis
1123 1721 1233 1777 militiae
1250 1723 1387 1791 stigmate
1402 1723 1562 1778 exercitum
1580 1720 1741 1792 apostolica
1760 1721 1808 1776 bc·

980 1808 1144 1865 mediatione
1163 1811 1347 1880 consignans,
1371 1811 1507 1867 condicto
1523 1810 1558 1866 ab
1575 1810 1721 1867 universis
1736 1814 1808 1865 tem·

980 1911 1050 1966 pore
1072 1898 1272 1968 profectionis,
1300 1900 1360 1969 ipsc
1380 1914 1444 1955 curu
1466 1914 1522 1954 non
1543 1899 1655 1955 modica
1675 1896 1806 1968 ejusdem

979 1985 1174 2057 expeditionis
1189 1991 1285 2043 turma
1298 1987 1408 2043 ltaliam
1421 1988 1517 2044 rediit,

1016 2119 1129 2187 togatis
1144 2118 1269 2190 denique
1285 2119 1408 2189 singulis
1419 2120 1454 2174 ad
1467 2120 1585 2190 propria
1601 2118 1730 2175 reversis
1742 2132 1807 2190 per-

979 2209 1080 2274 vagata
1097 2206 1285 2277 cis'eitraque
1302 2222 1368 2262 mox
1384 2208 1485 2263 orbem
1500 2212 1637 2264 cunctum
1655 2207 1718 2264 baec
1733 2207 1806 2262 fama

979 2294 1149 2359 commovit;
1166 2295 1296 2365 insuper,
1315 2294 1392 2365 quod
1405 2295 1483 2351 dictu
1496 2295 1629 2351 mirabile
1640 2300 1696 2362 est,
1711 2294 1806 2365 ipsum

978 2382 1079 2437 occani
1105 2382 1225 2438 limitem
1252 2382 1409 2439 velocitate
1433 2389 1573 2440 consucta
1599 2383 1805 2454 supervolans,

979 2469 1177 2526 insulanorum
1193 2472 1280 2527 ctiam
1295 2472 1441 2528 classibus
1456 2472 1544 2527 :avaria
1562 2471 1625 2542 ipsa
1638 2471 1664 2525 in
1678 2469 1806 2527 caelestis

978 2559 1057 2627 regis
1074 2559 1210 2615 miliciam
1228 2559 1392 2616 redundare
1409 2560 1486 2616 fecit.
1509 2561 1588 2629 Nam,
1607 2564 1637 2615 ut
1655 2557 1805 2614 verissime

977 2647 1183 2717 conperimus,
1199 2651 1258 2703 tam
1274 2648 1390 2717 ignotos
1405 2648 1508 2704 effudit
1524 2662 1651 2703 oceanus
1669 2644 1802 2717 populos,

978 2735 1062 2805 cujus
1077 2750 1134 2791 non
1150 2736 1244 2791 dicam
1261 2751 1357 2793 mores
1369 2740 1397 2792 et
1410 2737 1537 2805 babitus,
1550 2736 1600 2791 sed
1612 2750 1647 2791 ne
1659 2732 1803 2804 loquelam

978 2823 1131 2895 quisquam
1147 2824 1232 2894 hujus
1246 2824 1341 2881 litoris
1357 2825 1505 2880 habitator
1521 2824 1565 2879 vel
1582 2823 1616 2878 dc
1632 2823 1705 2894 ipsis
1721 2819 1804 2876 mari·

977 2911 1069 2966 uariis
1088 2917 1275 2981 agnosceret;
1304 2927 1479 2982 rursumque
1499 2912 1582 2981 alios,
1604 2910 1711 2982 quibus
1734 2908 1803 2964 nibil

979 3002 1078 3069 preter
1093 3014 1195 3069 panem
1212 3005 1240 3054 et
1257 3014 1360 3070 aquam
1377 3000 1403 3055 in
1422 3015 1476 3055 usu
1493 3001 1589 3056 victus
1609 3003 1704 3064 essct;
1721 2997 1800 3052 item·

979 3102 1034 3157 quc
1049 3087 1199 3158 quosdam,
1217 3089 1323 3158 quibus
1338 3093 1489 3158 argeutum
1506 3104 1559 3160 pro
1576 3088 1653 3144 ferro
1671 3088 1698 3142 iu
1713 3084 1801 3143 omni·

979 3176 1033 3230 lius
1057 3175 1117 3231 suis
1140 3176 1316 3233 utensilibus
1338 3181 1424 3233 esset.
1452 3178 1523 3233 llinc
1547 3181 1575 3231 et
1601 3177 1800 3245 undecumque

978 3264 1140 3331 augebatur
1161 3264 1271 3320 cotidie
1295 3265 1486 3322 circumcirca
1507 3265 1687 3335 signatorum
1708 3277 1802 3320 nume·

978 3367 1037 3421 rus,
1050 3358 1079 3408 et
1092 3356 1122 3409 ut
1135 3353 1354 3425 prelibavimus,
1369 3354 1397 3408 in
1408 3354 1573 3425 hujusmodi
1587 3352 1800 3424 expeditionem

977 3442 1058 3496 totus
1081 3441 1183 3510 fervet,
1203 3446 1284 3498 totns
1303 3443 1471 3499 concutitur
1487 3442 1532 3499 vel
1547 3442 1645 3514 potius
1664 3440 1800 3497 transfor·

978 3528 1049 3582 mari
1066 3528 1222 3584 videbatur
1238 3531 1372 3587 mundus.

1013 3660 1197 3729 francigenis
1205 3660 1438 3719 occidentalibus
1447 3662 1531 3718 facile
1539 3663 1712 3733 persuaderi
1723 3668 1800 3735 pote·

977 3752 1022 3804 rat
1034 3764 1086 3805 sua
1097 3764 1164 3805 rura
1176 3750 1358 3820 relinquere;
1375 3766 1439 3807 nam
1454 3751 1561 3807 Gallias
1575 3766 1628 3821 per
1643 3766 1736 3808 annos
1752 3751 1796 3807 ali·

976 3841 1048 3907 quot
1063 3852 1138 3892 nune
1152 3837 1258 3893 seditio
1272 3838 1377 3908 civilis,
1393 3853 1468 3895 nunc
1485 3839 1585 3910 farrres,
1601 3855 1677 3896 nunc
1694 3844 1824 3917 morta·O

976 3923 1044 3980 litas
1055 3926 1142 3983 nimis
1152 3926 1304 3997 afflixerat,
1318 3932 1466 3998 postremo
1477 3928 1560 4000 plaga
1573 3928 1632 3996 illa,
1646 3944 1713 3999 quae
1723 3929 1796 3986 circa

974 4012 1157 4070 Nivalenscm
1172 4020 1281 4071 sanetae
1298 4017 1457 4073 Gcrdrudis
1472 4017 1636 4074 aecclesiam
1649 4019 1725 4090 (285)
1737 4024 1796 4074 orta

974 4107 1029 4172 est,
1052 4104 1195 4174 usquead
1211 4105 1278 4161 vitae
1297 4106 1531 4176 desperationem
1552 4113 1711 4162 terruerat.
1735 4109 1798 4163 Erat

974 4196 1071 4247 autem
1086 4191 1260 4262 huiusmodi.
1277 4195 1383 4250 Tactus
1399 4196 1549 4265 quisquam
1567 4195 1633 4265 igne
1650 4193 1795 4264 invisibili,

975 4294 1157 4350 quacumque
1172 4283 1306 4353 corporis
1317 4289 1409 4354 parte,
1425 4288 1481 4338 tarn
1493 4285 1542 4340 diu
1554 4283 1701 4353 sensibili,
1715 4285 1796 4357 immo

89 4365 201 4424 scilicet
222 4369 309 4436 atque
324 4365 506 4435 Normannia,
525 4364 637 4436 Anglia,
655 4366 752 4424 Scotia
768 4373 798 4422 et
815 4368 917 4424 liiber·
933 4371 958 4431 D
974 4368 1193 4440 incomparabili
1211 4375 1356 4426 tormento
1374 4372 1461 4426 etiam
1479 4371 1743 4428 inremediabiliter
1757 4385 1796 4428 ar

90 4454 149 4525 nia,
167 4453 326 4523 Britannia,
343 4452 451 4510 Galicia
463 4452 518 4523 ¹⁶¹⁸,
532 4455 697 4524 wasconia,
715 4455 816 4526 Gallia,
835 4456 917 4533 Flau-

91 4540 166 4611 dria,
183 4539 377 4611 Lotbaringia,
394 4541 566 4613 caeterisque
583 4542 720 4612 gentibus
735 4544 914 4633 christianis²

91 4642 213 4704 quarum
232 4644 307 4686 nnuc
326 4629 442 4686 minime
460 4635 618 4687 occurrunt
638 4631 788 4689 vocabula.
815 4633 916 4691 Crucis

91 4717 272 4790 signaculum
283 4718 312 4775 in
321 4718 453 4775 vestibus
464 4719 539 4774 idem
552 4734 619 4775 vere
631 4720 757 4776 crucifer
768 4723 917 4780 exercitus

88 4807 129 4869 ob
145 4807 380 4868 mortificationis
396 4808 563 4882 proterebat
579 4808 843 4879 commonitorium,
855 4827 917 4872 cre.

92 4900 166 4958 dens
187 4901 214 4957 in
231 4901 295 4971 boc,
311 4900 393 4970 jnxta
409 4900 549 4957 visionem
564 4901 665 4971 llagno
681 4903 826 4973 quondam
846 4904 917 4960 Con.

93 4987 220 5044 stantino
235 4987 394 5045 revelatam
407 4986 492 5060 (983),
505 4988 541 5044 ab
554 4987 678 5046 inimicis
695 4990 792 5047 crucis
808 4985 914 5046 Cbristi

974 4458 1071 4528 debat,
1087 4473 1240 4530 quousque
1251 4460 1297 4516 vel
1309 4461 1445 4532 spiritum
1456 4476 1521 4517 cum
1531 4461 1666 4518 cruciatu
1680 4461 1726 4518 vel
1737 4474 1796 4518 cru·
1845 4496 1848 4503 -

973 4547 1230 4619 ciatumcumipso
1240 4553 1320 4604 tacto
1330 4549 1628 4606 membroamitterct.
1642 4552 1796 4607 testantur

973 4635 1028 4692 boc
1044 4637 1187 4693 hactenns
1211 4639 1352 4711 nonnulli,
1379 4639 1512 4696 manibus
1538 4638 1581 4695 vel
1605 4639 1796 4711 pedibusbac

973 4740 1046 4799 pena
1059 4726 1196 4783 truncati.
1210 4727 1398 4800 Reliquorum
1408 4728 1556 4785 nationum
1568 4728 1671 4800 plebes
1680 4727 1728 4785 vel
1736 4741 1798 4800 per·

973 4830 1051 4873 sona
1067 4816 1142 4886 aliae,
1163 4821 1263 4887 preter
1282 4817 1477 4888 apostolieum
1497 4818 1626 4874 edictum
1648 4817 1798 4891 prophetis

974 4905 1148 4975 quibusdam
1165 4905 1243 4962 inter
1258 4919 1288 4962 se
1306 4921 1397 4979 nuper
1413 4907 1525 4964 exortis
1540 4922 1592 4964 seu
1611 4907 1705 4978 signis
1719 4907 1800 4965 caele·

974 4992 1069 5050 stibus
1086 5008 1120 5050 ac
1135 4994 1364 5052 revelationibus
1378 4996 1413 5051 ad
1426 5001 1533 5053 terram
1546 5009 1577 5053 se
1587 4994 1633 5028 ¹⁸¹⁸
1644 4997 1802 5070 repromis

780 5087 898 5143 VARIAE
919 5089 1118 5146 luculentis.

82 5217 84 5221 -
128 5176 174 5214 ¹⁸¹¹
188 5185 210 5236 t.
228 5181 363 5239 assiduas
391 5185 421 5237 et
448 5196 493 5253 ep.
512 5181 765 5254 frequentissimas
781 5189 807 5239 t.
851 5181 896 5217 ¹⁶²¹
911 5185 1043 5244 aecclesia
1068 5202 1144 5244 anno
1161 5188 1312 5246 dominicae
1336 5191 1448 5248 incarn.
1466 5189 1536 5246 mill.
1554 5190 1623 5248 llc0.
1640 5189 1702 5248 V10.
1718 5206 1749 5264 g.
1765 5193 1798 5250 ll·

108 5243 143 5284 ⁸¹⁸
156 5265 185 5309 v.
199 5262 227 5308 u.
245 5266 272 5323 q.
290 5251 318 5309 d.
335 5253 368 5309 P.
381 5253 416 5311 in
428 5256 567 5325 margine
581 5257 606 5311 l.
626 5255 828 5329 tepescente
842 5257 873 5312 b.
890 5256 998 5315 derunt
1009 5258 1039 5316 tb
1054 5259 1086 5313 ll.
1126 5257 1171 5292 ¹⁸¹⁸
1182 5259 1294 5331 galacia
1311 5261 1350 5317 lb.
1394 5259 1440 5296 ¹⁶¹⁸
1454 5275 1601 5335 superata.
1617 5267 1643 5319 1.

892 5355 1003 5413 NOTAE.

137 5421 191 5477 282
219 5417 304 5476 Claro
319 5425 428 5479 monte.

139 5491 190 5548 28³
217 5488 250 5548 V.
270 5503 368 5567 supra.

1019 5431 1072 5486 aet
1098 5427 1281 5489 Podiensem.

1020 5503 1072 5561 ἥδ
1099 5498 1221 5560 flivello.
