3788 6000
131 166 191 239 263

611 165 797 230 HUGONIS
818 154 993 224 Aesaris
1014 152 1356 220 FLAVINIAGENSIS

1781 154 1838 216 sel

131 304 340 367 continentiam
357 303 471 361 frenare
485 315 542 358 non
566 300 673 374 potuit.
690 302 779 357 Pater
793 294 956 354 bichardus
970 303 998 364 Α
1013 288 1223 348 etimonialiam
1237 294 1348 358 coetus3
1360 293 1390 347 et
1406 287 1575 347 visitatione
1591 285 1734 360 solempni
1743 292 1839 347 osten-

132 402 202 456 tuno
216 393 358 466 temporis
374 391 584 448 monasterium
604 389 722 446 nolebat
748 387 924 456 relinquere,
941 399 957 440 a

132 500 250 558 quopro
261 481 349 538 nullis
360 479 565 551 ingruentibus
576 477 673 535 causis
685 471 956 549 patiebaturavelli,

133 573 200 646 quia
216 570 328 629 sciebat
343 572 371 626 et
384 568 562 641 praedixerat
574 567 644 623 ultis
656 565 794 620 inminere
807 561 959 620 resolutio-

54 699 56 702 >
133 677 197 720 acm
212 661 257 717 sui
272 658 417 731 corporis.
435 657 547 713 Etenim
563 652 858 728 superioribusanais
870 664 960 723 quaa-

133 751 170 809 do
186 749 249 807 lues
265 747 324 818 illa,
337 747 373 803 de
389 762 445 818 qua
459 745 722 818 impraesentiarum
735 741 910 798 mentionem
922 740 960 795 ie-

133 839 235 910 rimus,
250 836 388 910 populum
399 834 538 905 vastavit,
551 848 615 890 cum
629 832 810 889 dilaberetur
822 827 957 902 populus,

133 926 273 985 etcivitas
283 923 475 980 virdunensis
488 935 562 994 pene
571 919 958 991 redigereturinhcremum,

134 1028 285 1073 commune
296 1012 460 1085 periculum
471 1009 617 1069 communi
629 1008 762 1066 oratione
773 1006 834 1064 lolli
846 1004 961 1063 coasul-

133 1107 194 1160 tum
209 1105 262 1159 est.
281 1101 369 1172 Cuius
385 1098 576 1156 necessitatis
594 1101 714 1167 urgente
738 1096 867 1166 miseria,
884 1108 961 1150 eom·

133 1190 211 1248 maai
227 1195 296 1246 voto
311 1188 505 1246 deliberatum
522 1191 568 1245 est
585 1185 662 1243 beati
687 1185 784 1241 Vitoni
806 1182 961 1256 imploran-

1013 381 1121 438 dcbant
1132 395 1200 453 erga
1213 385 1326 454 patrem
1335 379 1522 438 devotionem
1534 378 1839 451 piaeaffcciionis.llcc

1014 471 1100 527 rediit
1112 470 1147 528 ad
1164 471 1280 529 domum
1296 471 1464 543 episcopus,
1483 468 1552 541 quia
1570 468 1657 525 immo
1679 468 1838 526 cotidianis

1013 561 1145 618 excubiis
1160 560 1304 617 adherens
1319 560 1357 632 ei,
1375 575 1429 617 non
1454 559 1512 630 die,
1530 573 1586 615 non
1612 561 1698 615 nocte
1725 559 1762 615 ab
1790 558 1840 615 illo

1015 648 1287 721 patiebaturavelli.
1303 649 1489 706 advenerunt
1505 650 1533 704 et
1550 644 1712 704 vicinarum
1723 646 1839 704 urbium

1013 737 1155 811 episcopi,
1172 739 1304 810 abbates,
1321 742 1352 794 et
1367 736 1475 810 quique
1490 741 1650 808 magnates,
1669 734 1705 792 ad
1722 734 1840 793 visitan-

997 829 999 833 ’
1014 826 1082 882 dum
1096 840 1162 884 eum
1178 831 1208 883 ct
1222 825 1468 885 commendandos
1483 840 1515 883 se
1529 825 1576 893 ci;
1593 824 1701 896 quibus
1724 822 1840 881 videba-

1015 918 1073 986 tur,
1087 915 1163 987 qaod
1176 915 1204 972 in
1216 915 1298 973 obitu
1309 914 1373 986 eius
1385 914 1502 972 omnino
1512 918 1593 971 terra
1605 916 1840 971 commoveretur

1015 1001 1840 1062 etconturbaretur.Excubabatdiebusacuoctlbusante

1016 1092 1132 1150 domum
1148 1093 1212 1164 ejus
1228 1094 1315 1150 turba
1330 1093 1456 1150 illiorum
1470 1096 1501 1149 et
1516 1094 1684 1149 ceterorum
1700 1088 1840 1161 fidelium,

1016 1180 1064 1237 alii
1076 1182 1153 1254 patri
1164 1181 1199 1238 ad
1212 1181 1332 1239 meliora
1346 1182 1494 1239 festinanti
1506 1179 1671 1238 valedicere
1682 1184 1714 1236 et
1725 1193 1758 1236 se
1768 1193 1843 1236 com·

134 1278 202 1336 dum
218 1276 480 1349 cssepraesidium,
496 1275 625 1346 cujusse
641 1272 826 1331 confidebant
850 1269 961 1326 meritis
1016 1268 1153 1326 mendara
1183 1269 1333 1342 volebant,
1359 1269 1407 1327 alii
1437 1270 1580 1327 sanitates
1607 1282 1766 1341 corporum
1795 1280 1843 1324 ex-

133 1367 201 1424 vitae
230 1364 333 1438 procul
358 1363 446 1421 dubio
474 1366 646 1434 captaturos
676 1360 844 1417 remedium.
862 1357 961 1414 Visum
1016 1359 1167 1430 petebant,
1180 1363 1210 1415 ut
1224 1358 1321 1416 saltim
1338 1373 1442 1430 aquam
1458 1357 1616 1415 ablutionis
1631 1356 1843 1427 manuumeJus

135 1455 222 1512 etiam
234 1452 437 1510 estiliebardo
448 1449 699 1524 episcopo,ipsius
712 1448 962 1506 confessoriseor·
1017 1451 1212 1516 mererentur,
1230 1463 1286 1519 qua
1303 1447 1415 1506 inuncti
1440 1446 1686 1504 refocillarentur.
1703 1445 1758 1503 Ubi
1774 1459 1843 1514 ergo

135 1558 190 1617 pus
201 1540 420 1598 sanctissimum
431 1539 536 1611 exponi
549 1538 656 1595 debere
668 1539 703 1595 de
719 1538 838 1607 feretro,
851 1540 882 1592 ut
898 1549 963 1607 pro
1017 1536 1110 1592 sensit
1127 1535 1276 1593 imminere
1290 1536 1390 1594 horam
1406 1536 1567 1594 vocationis
1587 1551 1657 1607 suaa,
1675 1534 1752 1592 filios
1771 1548 1843 1606 quos

136 1632 271 1689 cessione
282 1628 426 1701 solempni
443 1632 577 1684 evectam
594 1630 825 1699 prasentarctur
841 1637 962 1696 conspe·
975 1656 1004 1720 B
1018 1622 1134 1680 Christo
1149 1623 1599 1697 adquisieratconvenirejussit,
1610 1627 1640 1681 et
1655 1623 1795 1680 inunctus
1810 1622 1843 1679 ab

135 1721 233 1778 ctibus
244 1719 381 1790 omnium,
391 1722 420 1774 ut
430 1717 514 1789 plebs
526 1717 618 1791 ipsias
631 1717 702 1774 fulta
714 1715 885 1789 patronicia,
894 1714 962 1771 dum
1018 1712 1157 1784 episcopo
1170 1713 1236 1771 oleo
1252 1718 1364 1785 sancto,
1377 1713 1562 1772 confessione
1580 1711 1780 1783 data‚viatico
1791 1725 1844 1768 cae·

137 1809 232 1867 sancti
249 1807 362 1864 videret
378 1805 517 1878 loculum,
534 1806 598 1877 cius
621 1805 795 1878 propensius
809 1806 962 1875 expeteret
1017 1800 1086 1858 lesti
1099 1802 1430 1875 pastus,cxposituscst
1441 1800 1695 1873 lectulo,etjaonit
1708 1799 1844 1857 incinere

138 1895 310 1965 subsidium,
325 1893 403 1965 quad
418 1896 540 1950 noverat
557 1893 613 1949 sibi
628 1907 684 1949 nen
700 1892 877 1948 defuturum.
893 1892 964 1947 Con·
1018 1896 1049 1946 et
1062 1891 1172 1962 cilicio,
1185 1892 1223 1947 ita
1242 1895 1272 1949 ut
1287 1891 1380 1949 altare
1394 1891 1489 1948 sancti
1505 1889 1634 1947 Niobolai
1648 1890 1714 1961 ejus
1730 1902 1845 1960 semper

138 1984 303 2040 tradicentc
319 1983 418 2053 itaque
432 1981 495 2038 vira
506 1980 744 2037 reverentissimo
756 1983 838 2052 patre
850 1984 961 2049 nostro,
1019 1985 1174 2051 appareret
1191 1981 1373 2053 conspectui.
1387 1978 1455 2037 lnde
1471 1981 1577 2036 fratres
1588 1978 1769 2049 alloquutus,
1780 1991 1846 2033 cca·

138 2071 245 2146 praesul
259 2071 336 2142 quod
348 2068 765 2127 deliberaveratincrastinum
776 2067 889 2141 impleri
900 2068 965 2123 dcs-
1020 2073 1104 2126 sucta
1119 2068 1225 2127 salutis
1236 2069 1409 2127 documenta
1421 2068 1578 2142 replicans,
1587 2069 1646 2125 Deo
1658 2071 1690 2124 ut
1699 2067 1844 2124 servirent

118 2160 241 2233 ‚tinavit
258 2180 264 2214 :
282 2159 446 2216 obsistente
460 2173 495 2215 eo
511 2162 541 2214 et
557 2158 673 2215 dicente
685 2157 835 2214 levandam
848 2156 964 2228 quidem
1020 2162 1050 2214 ct
1066 2158 1242 2215 adhererent
1257 2159 1427 2227 ammonuit,
1445 2158 1549 2229 suique
1566 2161 1597 2214 ut
1612 2157 1845 2212 memorarentur

139 2249 285 2306 miseriam
310 2246 420 2320 populi,
442 2245 493 2303 sed
516 2245 657 2319 episcopo
680 2260 737 2303 non
763 2260 912 2302 cessurum
937 2244 964 2298 in
1022 2246 1151 2319 piissima
1173 2246 1328 2304 devotione
1351 2246 1466 2320 petivit,
1484 2244 1619 2303 omnibus
1644 2244 1845 2301 incommune

138 2350 324 2410 prosperum,
336 2334 385 2405 qui
400 2348 490 2392 ausus
507 2333 609 2391 fuisset
623 2334 786 2405 inquietare
798 2332 967 2389 sanctieor·
1021 2333 1161 2392 flentibus
1182 2340 1212 2392 et
1234 2350 1317 2393 suam
1340 2334 1562 2393 destitutionem
1587 2332 1845 2404 ingeminantibus,

141 2439 196 2498 pus
213 2422 415 2480 honorificum.
428 2423 547 2479 Noctem
559 2421 636 2478 illam
652 2425 735 2494 pater
751 2422 900 2479 insonnem
916 2420 967 2477 du·
1022 2438 1087 2481 cum
1100 2424 1161 2496 ipse
1171 2439 1298 2481 omarum
1310 2423 1462 2481 cohiberet
1479 2421 1624 2494 lacrimas,
1637 2420 1787 2479 solaretur
1798 2419 1847 2476 do·

38 2538 41 2543 Α
140 2513 193 2583 xit,
212 2516 280 2569 ante
296 2510 389 2568 altare
405 2511 498 2568 sancti
515 2510 699 2567 orationibus
723 2525 830 2568 vacans
849 2524 915 2567 cum
931 2509 969 2564 la·
1023 2511 1162 2583 lorem,et
1174 2512 1281 2571 Christi
1293 2512 1401 2570 domini
1414 2512 1601 2584 promitteret
1612 2510 1771 2569 affuturam
1782 2524 1848 2582 pro·

138 2599 246 2658 crimis.
260 2600 291 2655 ln
307 2597 470 2656 crastinum
484 2597 564 2656 venit
575 2599 740 2671 episcopus,
754 2597 965 2669 clerusomnis,
1022 2601 1331 2659 tectionem.Pesthec
1341 2600 1480 2672 reliquias
1491 2615 1563 2672 quas
1573 2597 1847 2658 iherosolimitanus

139 2692 168 2745 ct
185 2686 321 2760 populus,
339 2688 368 2742 ct
385 2700 450 2742 cum
463 2685 556 2742 multo
567 2687 673 2743 timore
684 2688 712 2742 et
725 2688 890 2743 reverentia
902 2700 968 2743 aaa·
1023 2689 1188 2762 patriarcha
1204 2690 1231 2747 ei
1247 2689 1370 2748 dederat
1385 2689 1441 2746 sibi
1453 2688 1549 2747 afferri
1562 2688 1702 2761 praecepit
1712 2706 1720 2756 ;
1730 2691 1759 2745 et
1772 2686 1848 2744 salu-

138 2775 177 2832 311
186 2773 331 2847 pontificis
346 2778 496 2845 exponunt
512 2772 662 2844 reliquias,
673 2788 761 2846 super
777 2774 967 2831 aurumobri·
1022 2778 1094 2837 tatis
1110 2779 1153 2836 eis
1168 2782 1257 2852 atque
1272 2777 1452 2837 deosculatis
1466 2793 1532 2836 cum
1556 2777 1646 2836 multa
1671 2775 1846 2846 reverentia,

27 2934 30 2938 ⁴
140 2878 206 2920 zum
232 2861 393 2935 preciosas.
412 2861 494 2928 Quod
520 2862 568 2918 nbi
593 2862 700 2919 factum
725 2866 780 2933 est,
799 2862 966 2934 pontificem
1022 2880 1072 2924 eas
1085 2883 1158 2938 quas
1171 2866 1248 2925 cello
1264 2867 1340 2924 ferre
1356 2871 1550 2925 consueverat
1565 2865 1714 2938 exposuit,
1730 2870 1761 2922 ct
1781 2867 1848 2920 ante

141 2956 225 3026 pater
237 2950 329 3007 adivit
342 2969 348 3005 :
360 2951 498 3023 Inplesti,
512 2950 657 3022 inquiens,
674 2951 755 3023 quod
766 2952 900 3022 coluisti,
917 2952 969 3009 scd
1022 2970 1053 3012 sc
1069 2961 1241 3013 reverenter
1252 2956 1316 3013 sisti
1329 2955 1479 3029 praecepit.
1491 2955 1562 3011 ilinc
1572 2968 1727 3011 commuue
1736 2956 1848 3010 sancto

140 3042 262 3099 acueris
273 3040 300 3097 te
312 3039 693 3112 potataavatttacoaaum
707 3040 740 3096 ia
753 3041 968 3099 accolooooot-
1023 3059 1087 3102 ram
1103 3044 1297 3118 patrocinium
1314 3044 1482 3118 implorans,
1498 3043 1575 3100 elata
1597 3056 1683 3099 manu
1709 3040 1849 3098 tratribus

139 3143 254 3188 cortun.
265 3127 363 3187 Marta
377 3143 494 3202 quoque
504 3130 558 3202 qai
569 3130 695 3200 assensi,
707 3130 970 3204 antequiaturnsi·
1023 3136 1052 3189 at
1068 3134 1206 3191 omnibus·
1217 3134 1266 3205 qai
1282 3132 1406 3191 aderant
1420 3131 1580 3204 benedixit,
1597 3135 1625 3188 ct
1641 3130 1697 3188 sibi
1713 3128 1847 3188 benedici

139 3218 256 3277 militer
266 3231 380 3274 aaaron
391 3217 535 3276 terminas
546 3216 692 3288 tritoitae,
706 3218 733 3274 te
740 3218 970 3291 psalmodicam
1024 3222 1119 3293 petiit.
1152 3222 1257 3294 sicque
1282 3221 1350 3279 data
1379 3220 1447 3279 llliis
1475 3219 1593 3277 licentia
1623 3218 1762 3291 exeundi,
1789 3218 1851 3289 ipse

142 3305 347 3378 subsequente.
367 3305 497 3376 Dixerat,
513 3310 543 3362 et
566 3303 676 3363 dictum
687 3305 730 3363 rci
740 3306 970 3378 probavitevcn-
1023 3309 1117 3368 oculis
1144 3315 1174 3368 et
1202 3310 1335 3368 manibus
1370 3310 1397 3366 in
1433 3310 1539 3366 coelum
1575 3307 1726 3381 porrectis
1754 3312 1785 3364 et
1811 3305 1852 3362 ia·

143 3389 971 3466 tus.Quartoeaimnecdumexactoanna‚viribuseorpo
1024 3398 1165 3455 tendebat
1193 3414 1228 3456 ao
1255 3413 1340 3471 quem
1370 3398 1538 3456 festinabat.
1570 3397 1756 3467 Legebantur
1784 3398 1851 3451 ante

142 3480 273 3553 risccpit
286 3484 370 3553 pater
381 3481 733 3554 destitui,etconvocatis
745 3483 887 3541 fratribus
899 3483 971 3540 indi·
1025 3502 1091 3545 eum
1119 3487 1275 3560 passiones
1303 3485 1470 3558 flaminicae,
1501 3484 1644 3543 lectiones
1674 3497 1792 3557 quoque
1818 3496 1853 3540 ex

141 3569 218 3627 cavit
242 3569 393 3626 imminere
409 3570 485 3628 diem
503 3569 855 3628 suarcsolntionis.it0x
872 3572 971 3644 itaque
1026 3578 1131 3647 quarto
1160 3574 1341 3645 dialogorum
1370 3572 1466 3641 libro;
1496 3577 1525 3630 et
1554 3572 1624 3629 felix
1653 3571 1718 3644 ejus
1758 3573 1852 3630 aalma

68 3720 78 3737 ,
143 3658 269 3715 abbatiae
286 3658 380 3714 sancti
396 3658 476 3716 Petri
493 3658 715 3717 catalaunensis
730 3659 906 3732 Odylardum
922 3662 971 3719 ab·
1026 3663 1069 3720 illi
1098 3663 1154 3721 soli
1183 3663 1354 3735 adherebat,
1383 3661 1431 3719 cui
1459 3675 1492 3719 se
1524 3664 1620 3719 totum
1655 3661 1851 3720 commiserat.

143 3746 240 3803 batem
258 3745 397 3819 instituit,
416 3747 497 3804 Bello
512 3747 587 3804 Loco
603 3752 716 3820 patrem
731 3747 907 3805 Richardum
923 3750 972 3806 de·
1026 3752 1080 3808 Ubi
1109 3766 1180 3809 vero
1210 3751 1289 3824 cepit
1315 3751 1374 3822 jam
1404 3750 1440 3806 ab
1471 3749 1603 3807 inferiori
1633 3753 1717 3823 parte
1744 3763 1853 3823 corpus

143 3834 225 3907 legit,
244 3835 378 3892 coenobio
392 3836 486 3893 sancti
512 3835 635 3893 liuberti
660 3836 858 3909 Teodericam,
876 3837 970 3895 sancti
1025 3839 1117 3897 emori
1132 3840 1235 3914 (1016),
1245 3844 1411 3897 sauctorum
1429 3836 1568 3909 reliquias
1583 3836 1809 3911 apprehendens
1822 3837 1851 3893 ia

142 3923 251 3981 Urbani
269 3923 457 3997 Stephanum,
474 3923 554 3982 viros
574 3924 603 3980 ia
628 3925 705 3981 omni
730 3925 843 3982 theoria
866 3927 971 3999 proba·
1026 3927 1135 3987 lectulo
1150 3928 1236 3999 sedit,
1250 3931 1279 3985 ct
1297 3927 1332 3985 ad
1348 3926 1439 3999 pedes
1453 3940 1504 3983 eas
1520 3941 1642 4000 ponens,
1655 3930 1745 3998 atque
1758 3926 1801 3984 uti
1813 3925 1852 3983 vi·

143 4013 283 4086 tissimos,
300 4013 328 4069 in
344 4013 488 4070 servando
505 4012 657 4084 religionis
672 4014 825 4087 proposito
841 4013 971 4073 clarissi·
1025 4017 1095 4075 talis
1108 4016 1369 4090 calorfdeflciebat
1380 4014 1522 4088 paulatim
1533 4030 1582 4075 eas
1592 4015 1780 4090 protrahens,
1792 4019 1853 4073 tar-

143 4115 216 4160 mes.
230 4102 288 4159 llas
298 4100 374 4158 caim
385 4102 521 4160 abbatias
532 4101 594 4174 ipse
606 4115 659 4176 par
673 4116 705 4159 se
720 4104 849 4174 regebat.
863 4105 971 4160 11113113-
1026 4105 1090 4164 dem
1102 4106 1129 4162 ia
1141 4110 1260 4180 pectore
1272 4104 1416 4175 substitit,
1424 4107 1452 4161 et
1463 4103 1603 4177 reliquias
1613 4104 1720 4162 ibidem
1732 4118 1798 4162 oum
1810 4117 1853 4160 rc-

144 4195 227 4248 ratus
243 4205 313 4262 crgo
328 4192 364 4248 ab
380 4191 526 4264 omnibus,
544 4190 622 4248 illam
639 4192 695 4249 sibi
711 4196 824 4250 tantum
841 4192 971 4249 retinere
1026 4193 1329 4267 olinasset,dcposuit.
1342 4192 1364 4249 0
1375 4192 1574 4251 admirandam
1586 4190 1850 4252 viridevotioaem!

144 4279 269 4351 censuit,
279 4280 326 4337 cui
342 4283 444 4352 pastor
459 4281 546 4338 datus
561 4280 666 4352 fuerat,
679 4281 772 4353 inqua
785 4282 915 4339 etiamsc
927 4295 971 4339 se·
1027 4281 1049 4338 0
1066 4281 1272 4355 predicandam
1286 4281 1351 4353 eius
1366 4281 1394 4336 in
1410 4280 1545 4339 omnibus
1561 4281 1748 4339 sanctitatem
1763 4283 1771 4338 1
1784 4281 1853 4337 cum

144 4366 230 4439 peliri
248 4366 456 4425 destinaverat.
475 4367 545 4439 (Fal.
562 4368 626 4441 92⁹.)
642 4370 676 4425 Et
690 4369 748 4440 jam
773 4371 802 4426 in
827 4370 971 4428 mandatis
984 4360 1013 4426 D
1027 4384 1098 4442 ergo
1112 4370 1298 4444 reclinasset,
1312 4384 1414 4430 manus
1439 4368 1573 4442 reliquiis
1596 4369 1743 4441 apposuit,
1761 4373 1791 4425 et
1810 4367 1853 4424 sic

146 4454 260 4511 bomini
272 4455 409 4514 assiduus
419 4456 615 4529 potiusquam
627 4457 776 4530 frequens,
790 4458 836 4515 dic
847 4460 971 4531 quadam
1028 4473 1181 4533 usquequo
1201 4459 1338 4534 spiritum
1363 4459 1494 4518 creatori
1520 4457 1669 4530 redderet,
1685 4456 1796 4515 crectis
1818 4454 1853 4512 ad

147 4556 213 4599 cum
228 4542 350 4601 vidisset
368 4559 455 4601 unum
472 4545 508 4601 dc
523 4544 663 4603 fratribus
678 4547 849 4604 monasterii
861 4548 908 4605 cui
924 4562 972 4605 nc·
1026 4551 1116 4607 Deum
1131 4547 1290 4606 luminibus
1307 4548 1424 4606 mansit.
1441 4546 1550 4605 fiderat
1576 4546 1615 4603 ibi
1638 4545 1807 4618 episcopus,
1824 4548 1854 4600 et

148 4644 213 4688 men
229 4631 324 4704 llysac
337 4631 467 4702 graviter
487 4637 605 4690 estuare
631 4633 772 4707 febribus,
789 4640 821 4692 at
835 4636 915 4708 quasi
931 4636 973 4694 iu·
1027 4637 1082 4693 viri
1099 4635 1227 4706 religiosi
1244 4652 1318 4709 quos
1334 4636 1516 4706 obligaverat
1528 4638 1647 4692 amorat
1659 4633 1800 4690 beneficia
1815 4631 1852 4707 pii

147 4720 252 4793 tercipi
264 4719 414 4779 videretur
426 4721 634 4795 spiritusque,
646 4738 760 4781 manum
774 4722 854 4781 illius
866 4725 970 4797 tenuit,
1028 4725 1133 4799 patris,
1150 4724 1198 4798 qui
1214 4725 1324 4782 exitum
1341 4724 1404 4795 ejvs
1430 4723 1644 4797 praemunibant
1670 4721 1853 4779 orationibus

146 4815 177 4867 et
192 4814 224 4867 ut
239 4810 412 4868 nuncianda
427 4810 506 4868 horna
521 4811 621 4884 operis
636 4813 685 4868 bei
702 4812 815 4883 signum
833 4813 916 4870 daret
928 4828 973 4872 sa·
1028 4813 1176 4872 continuis
1191 4817 1221 4869 et
1230 4812 1407 4884 psalmodia,
1420 4812 1470 4884 qui
1485 4811 1535 4869 vix
1545 4814 1575 4868 et
1587 4824 1664 4882 raro,
1678 4809 1749 4867 licet
1759 4809 1796 4868 ad
1806 4809 1856 4865 ho·

146 4912 201 4957 uus
213 4900 309 4958 factus
324 4904 352 4958 et
369 4900 703 4974 incolumisfpraeccpit.
719 4900 771 4958 lllc
795 4902 823 4958 iu
840 4917 910 4960 voce
928 4904 973 4976 ju·
1028 4919 1089 4960 ram
1106 4902 1320 4975 separabantur
1335 4902 1371 4959 ab
1387 4901 1450 4973 ejus
1465 4899 1633 4973 praesentia,
1651 4914 1687 4957 ne
1705 4898 1855 4969 continge·

147 4986 244 5046 beatis
259 4989 353 5047 factus
368 5003 455 5047 sanus
472 4988 615 5047 oboedivit
632 4989 725 5063 patris
741 4989 874 5062 imperio,
888 4992 972 5049 etsie
1029 4995 1072 5048 ret
1089 4991 1288 5049 eosabseatcs
1299 5002 1366 5047 esse
1377 4989 1492 5062 quando
1504 5003 1519 5046 a
1530 5002 1652 5063 corpore
1663 4987 1806 5058 migraret
1817 4987 1856 5044 fe·

147 5077 224 5133 omni
240 5077 725 5149 egritudiniscaraitincommcdo.
738 5079 790 5137 llio
801 5079 909 5150 itaque,
923 5079 972 5151 qui
1028 5078 1069 5136 lix
1085 5079 1190 5136 anima.
1206 5077 1400 5136 illucescente
1416 5078 1515 5150 itaque
1531 5077 1578 5134 die
1593 5075 1795 5134 mandatarii
1811 5077 1854 5146 ll,

148 5165 240 5222 tantis
251 5167 417 5224 abundabat
428 5166 598 5237 virtutibus,
612 5166 779 5224 imminente
791 5167 837 5224 die
847 5168 973 5224 vocatio·
1029 5168 1106 5239 quod
1122 5169 1167 5224 est
1184 5169 1218 5225 l8
1233 5165 1427 5224 llalendarum
1438 5165 1526 5237 iunii,
1538 5165 1607 5222 hora
1617 5164 1675 5235 iam
1687 5163 1856 5222 imminente

148 5254 193 5310 ais
208 5252 272 5323 ejus
288 5254 427 5312 decubuit
444 5256 585 5327 febribus,
597 5261 627 5312 et
641 5244 742 5313 ultima
755 5254 804 5313 illa
817 5257 974 5313 exerceba·
1028 5254 1132 5325 tercia,
1150 5254 1346 5327 presentibus
1359 5252 1427 5310 tiliis
1450 5252 1526 5322 suis,
1544 5265 1618 5322 quos
1639 5250 1695 5308 loci
1720 5249 1855 5321 angustia

149 5346 199 5399 tar
213 5340 387 5412 egritudine.
398 5341 479 5408 Quod
496 5343 545 5401 ubi
557 5357 610 5416 per
620 5344 722 5401 urbem
732 5343 842 5410 sonuit,
854 5343 971 5401 advenit
1028 5357 1134 5415 capere
1145 5338 1858 5414 poterat,cetcrisinmaior-iaeoolesiaecousistea·

150 5426 315 5501 episcopus,
326 5426 531 5486 monachorum
546 5441 671 5501 quoque,
683 5428 858 5487 clericorum
870 5432 896 5486 et
909 5443 974 5488 aaa·
1030 5430 1109 5489 tibus
1122 5434 1153 5490 et
1166 5431 1350 5502 canentibus,
1363 5433 1465 5488 sauata
1477 5426 1526 5485 illa
1536 5427 1631 5485 anima
1643 5427 1799 5500 corporeis
1809 5439 1858 5483 ae·
