3788 6000
133 245 192 308 803

613 239 797 314 HUGONIS
819 242 996 313 neentis
1016 230 1354 310 FLAWNIACENSIS

1782 241 1839 313 eol

126 397 184 457 per·
193 383 272 441 ione
278 383 400 456 petrem
410 381 554 457 edificate
564 385 840 456 necesiernrnenm,
853 389 882 439 et
893 384 953 439 hae
968 381 996 442 Α
1010 392 1079 436 erre
1088 381 1137 437 eet
1144 379 1308 454 denpnore
1324 372 1473 454 nitentem,
1486 385 1583 456 ipsum
1593 383 1752 443 Dmninrnn
1760 386 1843 444 dane·

134 488 197 544 qrre
208 473 286 529 dicta
299 478 366 529 sarrit
380 489 475 529 rerum
493 475 653 543 probantur
667 475 830 541 ellectibns,
846 473 912 543 quia
925 471 952 527 iu

134 562 204 618 sede
220 562 380 634 apostolica
397 566 479 617 ostra
497 561 637 618 maculam
654 578 768 634 semper
780 566 825 618 est
837 566 952 617 servata

134 650 236 721 religio
248 651 403 708 catholiea.
416 652 454 706 lte
464 665 579 721 quaspe
588 655 616 705 et
630 650 685 706 hdo
698 651 828 721 separari
840 649 953 705 minime

134 741 296 811 cupientes,
313 744 340 795 et
359 743 473 812 patrum
489 740 634 794 constitua
651 743 819 809 sequentes,
837 737 954 794 anathe-

134 830 305 885 matizamus
320 844 420 885 omnes
432 828 480 898 qui
492 832 594 883 (eontra
609 832 737 883 sanctam
754 830 908 883 Romanam
925 831 953 881 et

133 917 323 988 apostolicam
346 917 499 972 ecclesiam
525 916 721 986 superbiendo
745 931 814 972 suas
838 915 952 983 erigrrnt

133 1007 274 1075 osisines,
292 1012 449 1075 sequentes
462 1006 487 1059 iu
501 1005 634 1061 orttnibus
648 1004 840 1076 apostolicam
855 1002 952 1058 sedem

133 1100 162 1148 et
179 1093 375 1164 praedicantes
391 1093 484 1149 orunia
501 1093 565 1162 ejus
581 1093 730 1155 institula;
746 1098 774 1147 et
792 1107 842 1163 per
859 1091 952 1146 omniu

133 1186 262 1254 sperent
276 1183 304 1237 in
317 1197 370 1238 trita
385 1181 586 1237 communione
598 1183 760 1250 rolriscum,
774 1195 858 1251 qnam
870 1179 954 1234 sedes

133 1269 292 1342 apostolica
304 1270 455 1342 praedicat,
468 1285 534 1325 esse
547 1285 669 1341 mercar,
679 1269 705 1324 in
718 1273 829 1338 quaest
842 1269 953 1337 integra

132 1363 161 1415 cl
177 1374 244 1416 vera
264 1360 431 1415 christiana,
448 1358 599 1426 religionis
614 1364 643 1412 et
661 1359 788 1429 pertenta
810 1355 952 1412 soliditas.

135 1448 311 1503 Promntrus
335 1451 538 1517 sequestratos
552 1464 567 1502 a
583 1445 783 1502 communione
802 1443 954 1501 catholicae

132 1536 267 1592 ecclesia
286 1550 386 1591 nutrires
402 1550 458 1591 non
475 1535 692 1591 eonsentientes
709 1533 769 1590 sedi
786 1533 954 1604 apostolice

133 1630 163 1679 ct
178 1639 279 1680 coriam
299 1624 412 1679 riomina
433 1625 510 1679 inter
530 1638 612 1679 sacra
630 1622 792 1678 irrinistoria
812 1636 867 1676 non
888 1635 954 1676 csse

1008 483 1163 540 prenreper
1172 470 1344 542 prophetem
1354 472 1504 542 uideretur,
1518 473 1622 530 etideo
1635 488 1731 546 nsque
1741 475 1784 531 ud
1793 489 1841 532 so-

1010 559 1212 630 tissdntinnrm
1233 561 1390 632 dnrrrpnoii
1403 563 1483 619 ssent.
1501 564 1535 617 nt
1552 568 1726 635 postpauca
1745 583 1750 620 :
1772 564 1840 632 Qui,

1008 735 1056 790 eei
1064 736 1371 809 contumeiiemsoeit.
1381 739 1440 794 Deo
1450 741 1538 810 erejrts
1550 741 1841 812 iepeiionefnnpnn-

1010 823 1160 896 inrsucit.
1178 825 1327 881 Sulllcinnt
1344 826 1411 895 ista,
1428 843 1461 882 au
1479 827 1573 884 adlmc
1586 829 1619 884 ad
1633 829 1839 885 confutandam

1009 910 1140 968 adverse
1161 912 1254 982 partis
1280 913 1417 985 ineptiam
1439 914 1566 985 pluriora
1584 914 1619 971 de
1634 917 1793 988 seripturis
1806 915 1840 949 ⁸⁸³

1010 1000 1159 1068 ‹queriums
1170 1000 1357 1057 testimonia?
1371 1002 1496 1059 decedat
1510 1006 1538 1058 ct
1549 1004 1736 1059 iheronimus
1758 1004 1834 1060 dicat

1009 1088 1110 1158 etipse
1123 1089 1192 1159 quid
1207 1094 1356 1145 crismentur
1368 1091 1415 1160 qui
1426 1090 1567 1159 judicium
1579 1091 1839 1163 sedisapostolicae

1010 1176 1241 1247 reprehenderit.
1263 1178 1387 1234 hudiant
1404 1178 1529 1234 riualivoli
1543 1184 1572 1234 nt
1586 1180 1780 1251 instruantur,
1790 1181 1837 1249 ju-

1011 1266 1046 1321 sti
1067 1273 1096 1322 et
1118 1266 1242 1323 benivoli
1263 1272 1292 1323 ut
1315 1269 1492 1325 roborentur
1513 1275 1540 1324 et
1565 1270 1591 1325 in
1615 1270 1670 1325 nde
1690 1271 1837 1327 catholica

1009 1355 1226 1410 confirmentur.
1249 1356 1293 1411 Ait
1316 1356 1508 1413 intercutem
1531 1358 1665 1414 scribens
1682 1358 1719 1413 ud
1736 1359 1836 1413 Darna-

1010 1457 1073 1498 sum
1087 1463 1092 1496 :
1105 1445 1167 1500 Her
1177 1444 1313 1515 estfldes,
1325 1445 1495 1502 tentissime
1502 1460 1592 1517 popu,
1603 1461 1694 1517 quem
1705 1447 1838 1505 irrecete-

1007 1533 1055 1589 sie
1074 1532 1221 1590 catholice
1246 1534 1417 1598 didicimus,
1438 1550 1588 1607 quomque
1606 1549 1720 1609 semper
1741 1538 1839 1594 tenni-

1009 1633 1085 1689 mns,
1097 1621 1130 1677 in
1140 1635 1201 1691 pne
1211 1621 1239 1677 si
1249 1624 1349 1679 ririnns
1357 1623 1457 1694 perite
1472 1624 1528 1680 ent
1535 1639 1645 1695 perum
1659 1625 1841 1696 centeserie

134 1711 293 1767 recitanda.
319 1713 483 1782 harnpuaus
497 1717 526 1767 ct
543 1716 745 1767 antecessores
761 1715 789 1766 et
806 1724 955 1767 successo·
969 1733 997 1793 B
1011 1708 1132 1779 aliquid
1135 1710 1269 1778 pesitum
1279 1710 1332 1779 est,
1346 1712 1497 1768 emendent
1510 1710 1713 1784 eripimnsnte,
1723 1714 1841 1783 pniPe·

135 1816 182 1856 res
199 1815 287 1870 ttleOS,
301 1806 330 1856 et
341 1814 441 1855 earnes
457 1801 504 1870 qui
522 1807 630 1855 sauma
646 1801 779 1855 llomauae
795 1803 824 1853 et
841 1801 955 1869 aposto-

134 1888 197 1944 licae
211 1887 344 1943 ecclesie
362 1888 512 1959 privilegia
526 1902 644 1944 cassare
659 1888 801 1943 nituntur.
814 1909 827 1935 n

169 1979 204 2033 Et
216 1975 292 2048 qnod
305 1977 429 2032 herriana
440 1976 595 2032 :rrttclesiaa
605 1973 953 2046 neruiuesitappelluuda,

135 2066 267 2122 thalasius
293 2066 426 2120 eccilinus
449 2065 584 2121 orrrrtilms
609 2065 755 2135 episcopis
782 2079 845 2134 eal).
864 2061 953 2129 ltiol.

137 2153 205 2224 ldtt')
224 2174 229 2207 :
248 2176 261 2201 n
275 2154 384 2209 Cuncta
401 2168 452 2223 per
469 2153 605 2209 rutrrtdum
624 2154 700 2207 irrisit
718 2151 956 2220 ecclesiarium

135 2246 323 2299 sacrosancta
337 2243 462 2296 Botriana
473 2240 604 2297 reeclcsia
615 2240 840 2296 iasdcomuibus
852 2240 956 2294 haheat

132 2330 293 2401 iudicandi,
308 2327 958 2400 nequccuiquamliceatdeejusJudieareju·

136 2420 221 2476 dicio.
236 2419 384 2490 Siquidem
397 2418 430 2472 ad
442 2417 518 2472 illam
533 2418 658 2489 [rectinet
671 2417 705 2471 de
717 2416 846 2488 qrralibet
859 2417 955 2473 ntundi

136 2513 218 2581 parte
227 2508 369 2578 iudicare,
381 2507 472 2577 ipsam
483 2511 579 2561 antem
591 2514 725 2561 nemoesl
734 2505 882 2577 appellare
895 2520 958 2577 pcr-

136 2598 251 2653 missus.
275 2595 328 2650 Sed
346 2610 398 2650 nec
415 2594 462 2649 illa
485 2595 678 2664 prmterimus,
699 2594 776 2664 qnod
796 2593 956 2664 apostolica

135 2686 221 2741 sedes
237 2684 299 2738 sinc
311 2681 367 2737 ulla
381 2683 491 2752 syuodo
508 2683 691 2752 praecedente
703 2687 732 2737 et
744 2681 873 2737 soluendi
886 2696 958 2751 quos

136 2771 264 2843 synodus
280 2772 377 2840 iniqua
401 2770 619 2841 dampnaverat,
641 2776 670 2825 ct
690 2769 863 2840 dampnandi
885 2784 958 2839 quos

1011 1796 1053 1852 tri
1063 1796 1187 1867 etfldem
1196 1798 1327 1855 eteoclem
1338 1800 1426 1856 tenes.
1439 1800 1479 1857 Si
1489 1802 1588 1857 nantem
1599 1800 1651 1856 lere
1660 1800 1765 1857 nestro
1774 1815 1841 1857 eore-

1003 1885 1102 1958 sesslo
1113 1886 1297 1957 npnstelntns
1304 1888 1473 1956 tnijudioio
1480 1888 1695 1960 conprobetur,
1703 1891 1838 1961 putemu-

1010 1987 1121 2044 qneme
1136 1975 1258 2045 diripere
1271 1977 1411 2045 coluerit,
1428 1990 1459 2033 se
1473 1977 1645 2048 imperitum
1654 1977 1704 2033 net
1714 1978 1840 2034 melino

1012 2063 1082 2131 turn,
1099 2063 1147 2118 nel
1168 2063 1260 2120 etiarn
1285 2079 1343 2122 non
1367 2065 1510 2122 catholieo
1533 2066 1652 2122 nomine
1676 2066 1838 2123 tereticam

1011 2149 1217 2220 oenrprobebit.
1237 2152 1399 2208 Seenrrdum
1413 2153 1464 2208 hec
1476 2168 1546 2222 erqo
1560 2152 1719 2210 beatissimi
1736 2153 1840 2208 thero-

1013 2238 1081 2293 nimi
1093 2237 1179 2308 dicta,
1194 2254 1249 2309 que
1263 2239 1360 2296 nullus
1376 2240 1504 2296 tidelimu
1520 2241 1638 2309 ambigit
1652 2241 1778 2298 veritate
1791 2256 1838 2297 su-

1014 2326 1109 2393 bnixa,
1127 2328 1257 2398 quisquis
1271 2328 1380 2399 judicia
1398 2328 1585 2400 reprehendit
1602 2328 1776 2400 apostolica,
1792 2330 1840 2384 he·

1013 2416 1103 2470 retica
1119 2422 1239 2471 notatur
1251 2416 1376 2472 infautia.
1389 2416 1569 2486 tugrrstmus
1581 2417 1773 2487 quoquedum
1784 2422 1841 2472 tra-

1011 2508 1107 2559 ctaret
1119 2504 1154 2559 de
1167 2505 1221 2571 his,
1235 2505 1282 2575 qni
1299 2511 1365 2561 srrnt
1382 2505 1458 2561 inter
1474 2506 1621 2561 hereticos
1638 2506 1838 2576 computandi.

1013 2591 1058 2648 vel
1071 2593 1117 2663 qui
1130 2607 1198 2661 riou,
1212 2594 1252 2649 sie
1264 2594 1304 2648 ait
1319 2594 1506 2649 intercutem
1522 2613 1527 2647 :
1543 2593 1642 2650 «llicit
1660 2594 1818 2664 Apostolus
1832 2615 1838 2649 ε

1012 2682 1184 2740 Heretienm
1194 2682 1341 2739 torreinem
1354 2683 1421 2753 post
1431 2683 1563 2753 prienam
1574 2682 1770 2740 etsecnndnm
1779 2697 1842 2740 eor-

1012 2770 1174 2841 reptionem
1184 2771 1292 2828 deeite.
1304 2773 1400 2828 sciens
1409 2772 1484 2841 quie
1494 2771 1654 2829 sitiremus
1662 2772 1838 2842 rstejnsrno-

136 2860 302 2933 oportuerit
324 2859 409 2913 lmhct
434 2862 621 2929 potestatem,
638 2863 667 2913 ct
684 2858 737 2913 hoc
753 2858 887 2914 nimirum
906 2873 957 2928 pre
1013 2859 1055 2927 di,
1072 2860 1101 2915 et
1111 2860 1212 2930 peccet
1224 2861 1258 2916 in
1273 2860 1426 2930 semetipso
1443 2859 1624 2932 dampnatus
1639 2860 1710 2927 (Tit.
1725 2875 1766 2930 m,
1781 2865 1838 2922 idi

136 2963 190 3005 suo
201 2948 456 3020 principatuqucm
466 2945 956 3016 heatusPetrusapostolusllomini
1014 2947 1069 3001 Sed
1080 2948 1128 3018 qui
1138 2948 1312 3005 seutentiam
1326 2962 1406 3003 suain
1421 2948 1552 3018 quamvis
1562 2947 1762 3018 lalsamatque
1775 2963 1836 3019 pcr-

137 3053 207 3095 voee
218 3041 247 3093 et
261 3036 354 3092 tenuit
369 3049 484 3107 semiper
494 3039 523 3090 ot
537 3035 656 3090 tenebit.
671 3057 683 3082 r
700 3036 735 3090 Et
747 3033 874 3090 ltalistus
884 3047 956 3104 papa
972 3082 999 3147 c
1013 3050 1125 3091 versam
1138 3036 1216 3092 nulla
1229 3036 1371 3107 pertinaci
1388 3036 1573 3092 animositate
1589 3036 1748 3093 detendunt
1764 3052 1839 3108 prue-

136 3125 367 3196 indccretiscap.
381 3131 388 3179 t
400 3144 406 3178 ε
418 3122 959 3195 tirridqnirisinediscretionejnstiir‘oe
1014 3125 1113 3181 sortitu
1126 3140 1210 3196 quam
1222 3140 1275 3183 riou
1285 3126 1402 3181 audatia
1413 3139 1474 3182 sure
1484 3126 1724 3199 presumptionis
1736 3141 1839 3198 peroc-

135 3214 239 3271 cnnire
251 3216 390 3270 nostrone
400 3213 528 3270 ecclesie
537 3212 732 3283 disciplinam
742 3211 956 3284 netrtmfnerit,
1014 3211 1119 3285 perint,
1129 3213 1340 3270 sedascdnetis
1352 3218 1439 3285 atque
1453 3213 1616 3271 inei-rorem
1629 3215 1721 3287 lapsis
1734 3230 1838 3287 pareu-

134 3303 235 3360 rotnrn
248 3302 443 3359 detereretie
454 3301 708 3372 nrtltepermitiit.
723 3300 878 3357 Nicholaus
890 3316 959 3371 quo·
1001 3301 1093 3359 dibus
1105 3307 1290 3374 acceperunt,
1300 3312 1427 3373 querunt
1436 3308 1533 3359 antem
1545 3303 1839 3369 cautasollicitudine

138 3405 193 3462 que
205 3392 241 3446 dc
252 3395 422 3459 contemptu
435 3389 514 3444 sedis
526 3387 694 3459 apostolice
707 3389 864 3445 universali
876 3405 959 3459 syno-

96 3548 100 3557 ,
137 3481 174 3536 ilo
188 3478 349 3552 presidens
359 3479 432 3533 dixit
445 3498 451 3532 ι
468 3478 517 3532 «Si
530 3478 595 3548 quis
606 3477 750 3546 (tugumir,
762 3476 907 3546 insudate,
919 3478 958 3532 iu-

137 3568 274 3635 tcrdirta‚
291 3567 459 3622 sanctiones
470 3564 514 3621 rel
527 3564 644 3620 decreta
660 3579 713 3635 pro
729 3565 873 3622 catholica
892 3566 956 3623 hdo.

139 3672 190 3728 pro
210 3655 410 3712 ecclesiastica
432 3653 600 3725 disciplina,
619 3668 671 3725 pre
691 3655 874 3711 correctione
890 3654 959 3711 sidc-

138 3745 217 3810 lium,
232 3758 284 3815 pro
294 3742 498 3798 errrcudatiuuc
509 3742 718 3798 sceleratorum
726 3741 960 3799 velinlerdictio-

1013 3391 1838 3464 veritatcuqcorripipucaticuminvenerimpequaquam

1014 3486 1080 3538 stunt
1094 3480 1170 3535 inter
1179 3481 1328 3536 hereticos
1342 3481 1562 3553 computandi.»
1577 3481 1688 3547 Quibus
1699 3482 1726 3537 in
1738 3483 1840 3538 verbis

1014 3573 1116 3640 aperte
1131 3568 1308 3639 ostenditur,
1321 3584 1371 3625 eos
1384 3569 1486 3639 procul
1499 3568 1587 3625 dnbio
1600 3569 1675 3625 inter
1690 3570 1839 3627 hereticos

1014 3657 1841 3729 eornpntandosquisentcutiamsuamsalsametperver-

1015 3761 1075 3802 sam
1092 3751 1121 3801 et
1137 3760 1267 3802 eruorem
1290 3745 1386 3801 iulami
1407 3751 1503 3802 mente
1522 3751 1703 3809 concretum,
1720 3746 1839 3803 audatia

139 3846 173 3888 nc
194 3832 404 3887 ituruineutium
426 3830 471 3886 vel
493 3831 656 3886 futurorum
678 3830 861 3899 rnalornm‚a
883 3831 960 3887 sedis
1015 3834 1253 3906 presumptionis
1274 3833 1471 3903 adinventum,
1489 3834 1631 3905 pertinaci
1652 3834 1840 3892 animositate

138 3919 305 3992 apostolicae
320 3919 445 3991 praesule
461 3918 620 3975 salubriter
635 3919 815 3990 promulgata
831 3926 959 3976 coutem-
1014 3920 1346 3993 detenderemoliuntnr,
1356 3922 1508 3978 veritatem
1517 3927 1718 3994 respuentes,a
1728 3922 1840 3993 gremio

139 4009 239 4082 pserit,
257 4011 420 4064 anathema.
439 4008 465 4062 Si
483 4008 635 4063 anathema
656 4012 711 4078 cst,
730 4008 777 4079 qni
798 4008 958 4064 contemnit
1015 4010 1256 4067 matriseeclesiae
1269 4011 1451 4079 recedentes.
1463 4012 1601 4068 unitatem
1610 4011 1787 4082 scindentes,
1797 4026 1841 4068 sa·

137 4099 255 4155 decreta
266 4095 436 4169 apostolica,
446 4097 514 4167 qnid
528 4101 667 4167 merctur,
677 4097 724 4166 qni
734 4096 958 4153 inreverentiam
1015 4115 1079 4156 uam
1092 4099 1254 4156 doctrinam
1269 4099 1454 4170 obiicientem
1466 4114 1598 4156 errorum
1616 4100 1709 4172 spinis
1725 4100 1839 4157 viscera

68 4205 70 4208 ’
138 4187 247 4245 strictis
258 4187 392 4244 onmihus
409 4186 562 4258 apostolici
576 4186 700 4241 riorrtinis
711 4185 890 4255 majestatem
903 4201 960 4240 ma·
1016 4194 1146 4244 materna
1163 4187 1340 4253 scindentes,
1353 4196 1383 4244 et
1395 4195 1502 4260 praeter
1514 4189 1553 4258 in,
1567 4189 1644 4259 quod
1659 4187 1842 4259 evangeliza·

138 4293 203 4333 uum
221 4277 332 4331 inlicite
343 4267 443 4332 ³⁷³'non
461 4275 545 4330 timet
560 4275 738 4330 extendere?
753 4275 787 4329 m
800 4280 830 4330 ut
842 4273 957 4331 tandem
1014 4280 1077 4333 tum
1087 4280 1132 4333 est
1144 4276 1300 4334 universali
1312 4277 1455 4340 ecelesiae.
1465 4278 1540 4347 quod
1553 4282 1645 4347 tenet,
1654 4277 1732 4349 quod
1741 4277 1840 4342 docet,

137 4363 296 4418 invincibili
310 4363 359 4418 liei
368 4362 466 4432 gladio
479 4360 668 4430 soliemnem,
680 4360 798 4416 audiant
810 4361 959 4431 impugna-

1016 4365 1109 4421 alicua
1120 4365 1251 4422 docendo
1261 4366 1456 4422 anathematis
1466 4365 1617 4438 apostolici
1630 4365 1842 4422 interminatio·

136 4458 219 4510 tores
233 4452 266 4484 ³³⁷
283 4452 425 4520 veritatis,
448 4455 681 4523 propugnatores
696 4450 898 4520 perversitatis
913 4450 957 4523 ³³⁸,
973 4445 1000 4506 D
1015 4469 1079 4511 nem
1096 4469 1151 4510 nort
1167 4460 1317 4525 verentur,
1335 4470 1457 4524 quorum
1474 4454 1527 4510 nisi
1545 4454 1719 4524 resipiscant
1735 4459 1843 4512 certus

137 4555 171 4597 ex
184 4541 281 4597 serlus
292 4540 368 4595 beati
381 4539 459 4594 Petri
468 4538 639 4610 ³”apostoli
649 4540 694 4595 cui
708 4538 907 4611 prejudicium
921 4541 959 4595 ic-

137 4634 240 4687 eerunt
258 4627 327 4699 quid
344 4633 521 4684 mereantur.
540 4627 567 4683 Si
583 4627 657 4698 quis,
674 4629 724 4699 ait,
741 4629 828 4698 lione,
845 4628 880 4683 ad
897 4629 958 4685 Cle·

136 4723 260 4773 mentem
274 4715 407 4786 loquens,
420 4715 586 4782 contristat,
604 4715 750 4772 Christum
763 4715 811 4786 qui
823 4715 849 4771 ci
861 4717 959 4772 cathe-

137 4805 216 4861 dram
234 4803 357 4861 docendi
373 4802 494 4858 tradidit
511 4818 566 4859 non
583 4803 698 4875 recipit,
716 4808 744 4858 et
761 4806 907 4875 tamquam
924 4804 958 4837 ³⁸⁰

137 4893 185 4963 qui
198 4893 345 4949 Christum
357 4907 411 4948 non
422 4891 598 4963 susceperit,
609 4906 661 4947 nce
671 4891 782 4949 ltomini
794 4891 912 4949 tratrem
924 4891 957 4926 ³⁸¹

136 4982 304 5053 suscepisse
322 4981 514 5051 judicabitur,
531 4985 562 5035 el
578 4981 643 5038 ideo
663 4996 717 5038 uec
738 4981 798 5052 ipse
819 4982 957 5053 suscipie-

136 5076 186 5126 tur
201 5070 228 5125 in
245 5085 334 5141 regno
348 5069 501 5127 coelorum.
516 5091 529 5119 n
548 5069 602 5135 Qui
617 5084 705 5141 snpra
716 5068 751 5103 ⁸⁸²
762 5069 797 5126 de
810 5071 957 5144 episcopis

136 5158 277 5228 loquens:
292 5160 360 5229 (ieri,
377 5158 481 5228 inquit,
495 5159 643 5231 episcopos
652 5159 773 5228 ornent,
786 5159 957 5217 nutemnm·

1014 4548 1060 4599 est
1078 4543 1224 4600 interitus.
1243 4543 1296 4609 Qui
1311 4543 1335 4598 si
1347 4543 1475 4599 dixerint
1488 4543 1682 4600 obediendum
1699 4544 1841 4614 potestati

1014 4631 1149 4702 qnoniam
1165 4635 1279 4687 nonest
1291 4636 1422 4702 potestas
1434 4631 1488 4688 nisi
1501 4633 1596 4700 alteo,
1615 4636 1645 4687 et
1660 4631 1708 4702 qui
1723 4631 1840 4689 resistit

1014 4720 1152 4792 potestati
1164 4721 1214 4776 Dei
1227 4719 1403 4777 ordinationi
1415 4720 1536 4787 resistit,
1545 4720 1664 4777 audiant
1676 4720 1746 4791 quid
1758 4719 1834 4777 idem

1013 4809 1193 4880 Augustinus
1212 4807 1249 4865 ad
1267 4809 1320 4866 heo
1341 4809 1522 4880 respondens
1542 4808 1621 4867 dieat
1638 4828 1644 4864 :
1663 4833 1677 4858 «
1698 4808 1773 4876 Quid
1795 4809 1837 4864 iu-

1013 4899 1085 4968 quit,
1099 4897 1210 4954 resistit
1223 4898 1373 4969 potcstati,
1385 4898 1435 4953 Dei
1446 4896 1621 4955 ordinationi
1633 4896 1763 4963 resistit;
1782 4897 1835 4954 sed

1013 4986 1092 5057 quid,
1112 4987 1137 5042 si
1159 4985 1231 5043 illud
1248 4987 1360 5057 jubeat,
1380 4986 1457 5056 quod
1477 5001 1533 5043 non
1554 4986 1643 5044 debes
1664 4987 1774 5059 lacero,
1792 4987 1841 5044 hio

1013 5088 1083 5130 sane
1103 5079 1277 5145 certtempne
1299 5078 1485 5146 potestatem,
1504 5074 1632 5132 timendo
1646 5078 1839 5148 potestatem.

1013 5161 1177 5235 (Fottoti'.)
1188 5164 1271 5234 lpsos
1281 5165 1474 5221 humanarum
1485 5162 1660 5234 dignitatum
1670 5161 1782 5234 gradus
1793 5162 1845 5220 ad·

819 5330 937 5386 VARIAE
959 5333 1159 5389 LECTIONES.

169 5456 481 5542 pertremendum.
521 5458 897 5536 ”lnegtadmte-enconj.
913 5466 1008 5536 snppt.
1048 5464 1300 5523 ³⁷⁷-atoresdelet
1351 5506 1360 5537 z
1397 5463 1431 5499 ”⁸
1461 5464 1708 5528 ervei-dentur.
1747 5466 1846 5526 ³⁷·Pc-

135 5535 176 5591 tn
192 5528 328 5589 deletion.
368 5529 691 5603 remurmuremus.
731 5533 765 5569 ⁸⁸¹
781 5535 974 5612 ira-eenonj.
991 5536 1087 5610 suppl.
1126 5534 1236 5611 ⁸⁸¹-pra
1253 5535 1389 5597 demtum
1470 5536 1529 5598 -ris
1543 5536 1680 5600 domme.
