3788 6000
43 228 46 232 ’
109 200 193 305 {rsa

714 234 957 304 EKKEHARDI
977 233 1257 310 masiliensis

1780 238 1840 306 'itt

138 374 296 437 interesset
310 376 442 450 Trojano,
460 381 493 436 ut
504 377 676 451 parentibus
692 391 852 452 soceroque
868 379 958 438 ferret
971 372 1002 438 A
1017 394 1092 436 mum
1105 381 1197 451 batia,
1210 385 1314 454 postea
1325 379 1439 451 Gothia,
1455 392 1532 437 nune
1542 376 1621 437 dicta
1633 374 1763 452 Gepidia.

137 467 288 538 auxilium,
306 482 371 525 mox
387 469 553 525 exstinctus
574 475 629 526 est.

173 558 243 614 Post
265 556 380 625 longum
398 558 581 615 intervallum
602 559 749 615 Themeris
764 559 863 628 regina
893 575 958 617 cum

139 645 199 703 illio
210 661 264 703 sun
278 646 380 704 Gothis
395 647 573 718 presidebat,
590 663 652 716 quae
665 649 766 718 Cyrum
785 663 880 719 regem
893 651 959 705 Per-

139 735 958 806 sarum,bellumseythisinierentem,interficiebatPost

62 856 67 863 ‚
139 823 200 882 haeo
217 824 341 880 helinus
367 824 468 881 Gothis
485 825 627 893 regnavit,
643 827 727 896 eujus
743 826 828 883 hlium
843 827 956 898 ilarius,

138 912 279 985 Hydaspis
292 912 379 982 filius,
393 929 442 970 rex
452 916 617 985 Persarum,
636 915 797 986 postulans,
810 918 860 973 sed
874 933 960 987 repu-

139 1001 318 1070 diatus‚eum
332 1002 653 1074 septingentismilibus
665 1005 868 1061 armatorumb
889 1005 958 1062 llum

138 1089 371 1160 Scythisintulit,
381 1092 442 1162 sed,
452 1092 870 1165 octogintamilibusperditis,
884 1096 960 1151 rein-

136 1178 189 1248 git.
203 1179 273 1235 Posi
286 1194 369 1250 quem
382 1181 499 1251 Xerses,
514 1181 591 1239 ilius
602 1184 676 1252 ejus,
690 1189 829 1252 paternas
839 1184 959 1254 iujurias

138 1264 266 1324 ulturum
286 1282 317 1323 se
330 1269 481 1331 estimare.
499 1285 563 1327 eum
580 1275 634 1326 700
645 1270 764 1328 milibus
780 1278 958 1329 armatorum

140 1355 175 1411 de
187 1371 275 1425 regno
285 1358 682 1430 etaeemilihusdeanxihis,
700 1346 900 1432 millequoque
913 1377 960 1418 na-

140 1444 961 1522 uibusrestratisettribusmilibusouerariisadeospre-

1020 540 1022 543 Ι
1052 469 1093 538 (c.
1112 471 1287 541 ti.)Terciam
1300 470 1398 528 sedem
1416 484 1505 542 super
1529 482 1607 526 mare
1618 468 1771 527 Ponticum
1787 467 1843 526 Go-

1016 557 1056 613 thi
1069 557 1128 628 jum
1145 558 1331 616 humaniores
1342 564 1371 615 et
1384 558 1589 631 prudentiores
1600 557 1757 624 habebant,
1769 557 1843 614 divi·

1015 647 1112 717 sisque
1122 663 1173 719 per
1185 647 1309 704 larnilias
1318 646 1352 680 ⁷⁸⁴
1365 645 1488 719 populis,
1503 646 1686 716 Wisigothae,
1698 644 1727 702 ld
1737 649 1784 703 est
1794 659 1842 702 oe·

1014 736 1175 794 cidentales
1191 737 1287 805 Gothi,
1316 736 1430 792 familiae
1447 735 1613 792 serviebant
1641 733 1839 805 lirraldorum,

1015 825 1201 896 ostrogothae
1216 840 1296 894 vern,
1315 825 1399 881 idest
1415 823 1576 881 orientales
1590 823 1686 889 Gothi,
1697 821 1841 894 preclaris

1015 914 1205 985 subiacebunt
1222 914 1340 972 hmalis.
1357 913 1485 980 Quorum
1502 911 1630 970 studium
1645 911 1700 969 luit
1715 911 1838 985 primum

1015 1002 1212 1061 internicinas
1222 1008 1326 1075 gentes
1336 1001 1597 1060 areuminteadere
1606 1002 1717 1072 neruis,
1727 1002 1838 1058 Lucano

1015 1096 1154 1162 testante,
1168 1094 1216 1164 qui
1233 1093 1274 1149 ait
1290 1112 1296 1147 :

1064 1179 1790 1252 leniendosqueorerisGestietstntrnditrneroia.

1016 1269 1209 1340 Antiquarum
1221 1270 1308 1325 etiam
1325 1271 1398 1325 iacta
1407 1270 1547 1340 nnajorum
1557 1271 1694 1325 cantuum
1712 1264 1840 1324 modula-

1014 1359 1146 1414 tionibus
1161 1359 1349 1431 cytharisque
1364 1357 1517 1428 canebant,
1535 1355 1752 1428 Erpantalaem,
1768 1357 1839 1412 llan-

1017 1446 1099 1515 nala,
1117 1447 1278 1517 Pridigerni
1296 1445 1340 1516 ⁷⁸⁰,
1356 1445 1504 1516 widigojae
1521 1449 1549 1501 et
1564 1445 1697 1514 aliorum,
1716 1458 1839 1516 quorum

140 1531 291 1604 ficiscitur,
310 1534 361 1591 sed
375 1549 426 1591 nee
438 1537 621 1608 temptarein
638 1538 776 1594 eonssictu
794 1539 961 1595 animosita-
1017 1535 1044 1590 ia
1062 1535 1115 1591 hae
1129 1540 1215 1605 gente
1231 1549 1332 1604 magara
1353 1534 1451 1607 opinio
1468 1539 1524 1604 est,
1541 1532 1642 1605 quales
1657 1533 1705 1589 vix
1736 1533 1841 1590 heroas

139 1627 495 1696 temeorumpresumens,
513 1641 577 1683 cum
590 1627 697 1683 rubore
710 1628 879 1691 revertitur,
896 1627 961 1683 Phi·
1019 1625 1106 1681 inisse
1118 1625 1348 1694 ariranrlajactal
1359 1623 1527 1695 antiquitas.
1545 1622 1586 1694 (C.
1602 1622 1658 1695 ll.)
1673 1622 1729 1680 [liu
1743 1621 1841 1694 itaque

139 1709 237 1782 lippus
254 1727 378 1782 quoque,
405 1717 489 1784 pater
514 1714 670 1771 Alexandri
697 1716 799 1787 hlagni,
816 1732 880 1772 cum
899 1717 961 1789 ipse
976 1732 1003 1795 B
1019 1713 1102 1771 Gothi
1120 1716 1326 1783 regnaverunt,
1340 1713 1412 1768 adeo
1429 1718 1461 1769 ut
1472 1712 1578 1782 Caesar,
1595 1712 1642 1783 qui
1655 1712 1769 1784 primus
1783 1725 1841 1768 om·

140 1797 199 1855 illio
211 1814 264 1856 suo
284 1800 320 1856 ad
332 1801 477 1871 Scythiam
494 1804 633 1873 predandi
650 1805 767 1861 transiit
786 1805 960 1876 intentione,
1018 1799 1842 1873 niumilomanumsibivendicavitimperiumonnnemque

58 1912 61 1917 ’
137 1888 352 1960 commissoque
364 1890 475 1961 praelio,
488 1907 551 1948 enm
566 1892 679 1962 scythae
690 1897 718 1948 et
736 1909 855 1950 numero
866 1899 895 1950 et
906 1895 963 1950 vir·
1018 1905 1090 1962 pene
1106 1906 1167 1947 suae
1182 1890 1287 1947 ditioni
1307 1891 1462 1960 subegerat
1479 1890 1626 1959 mundum,
1644 1889 1756 1946 Gothos
1772 1902 1841 1960 sepe

138 1978 201 2033 tute
214 1981 386 2047 prestarent,
401 1979 500 2036 iraude
513 1980 636 2052 Philippi
656 1981 775 2038 nimium
787 1982 887 2038 callidi
900 1984 962 2038 uin·
1017 1985 1229 2052 pertemptans,
1247 1979 1391 2049 subjicere
1408 1993 1464 2034 non
1477 1981 1587 2049 posset.
1601 1978 1689 2035 Gaius
1700 1977 1842 2049 Tyberius

139 2069 256 2123 cuntur,
269 2067 296 2120 in
314 2080 369 2136 qua
388 2083 482 2138 pargna
494 2073 530 2124 20
541 2068 820 2140 milia⁷⁷⁹puerorum
836 2075 865 2125 ct
883 2071 962 2126 lemi-
1014 2068 1072 2140 jam
1091 2068 1199 2125 tercius
1215 2068 1350 2125 llornanis
1365 2067 1509 2138 regnarit,
1531 2066 1614 2124 Gothi
1629 2070 1728 2124 tamen
1744 2067 1774 2122 in
1790 2080 1842 2124 suo

139 2167 240 2210 narum
253 2155 395 2227 Scythicae
405 2157 502 2226 gentis
519 2162 602 2228 capta
616 2161 694 2227 suut,
707 2173 808 2228 magna
821 2174 960 2230 pecorum
1017 2172 1107 2226 regno
1120 2157 1279 2215 incolomes
1290 2162 1488 2229 perseverant.
1498 2155 1842 2228 (c.ibsqq.)llomieiano

139 2241 221 2313 copia
236 2242 373 2315 abducta,
402 2245 464 2301 auri
482 2247 653 2317 argentique
677 2246 766 2303 nichil
794 2252 956 2319 repertum.
1017 2261 1086 2303 vero
1097 2246 1312 2315 [andecimoJ'am
1325 2247 1361 2302 ab
1372 2247 1503 2315 angusto
1519 2250 1670 2315 regnante,
1684 2244 1778 2317 ripam
1793 2247 1844 2300 ba·

139 2330 243 2387 Postea
260 2346 324 2388 eum
340 2333 383 2389 eis
403 2333 564 2390 aruicie³am
582 2334 736 2403 ioederons,
768 2336 958 2409 liedumpam,
1017 2335 1108 2404 nuhii,
1118 2337 1175 2405 jann
1195 2335 1244 2390 diu
1261 2348 1275 2389 a
1291 2335 1427 2392 Romanis
1443 2335 1605 2404 obsessam,
1622 2333 1719 2403 Gothi,
1736 2332 1840 2390 deletis

118 2456 122 2460 -
139 2417 249 2476 Gudilae
266 2421 343 2490 regis
360 2423 517 2479 Gothorum
541 2422 637 2490 hlium,
655 2425 769 2495 accepit
782 2440 911 2495 uxorem,
929 2430 960 2483 ut
1017 2423 1477 2494 militibusRomaniseorumque
1489 2422 1624 2493 ducibus,
1637 2427 1838 2480 vastaverunt.

139 2507 190 2564 tali
206 2507 346 2567 affinitate
362 2512 519 2569 roboratus
535 2512 720 2569 Macedonum
738 2528 858 2585 regnum
869 2513 903 2548 ⁷⁸⁰
914 2514 961 2570 llr·
1017 2512 1232 2584 Cniprovineiae
1248 2516 1318 2568 tune
1342 2514 1406 2583 post
1418 2512 1573 2583 Agrippam
1596 2517 1713 2583 preerat
1729 2511 1841 2584 Oppius

139 2601 244 2654 maret.
577 2599 579 2605 '
1016 2601 1150 2670 Sabinus,
1163 2601 1368 2658 Gothisautem
1383 2599 1791 2672 principabaturborpaneus.
1801 2599 1841 2655 ln·

173 2686 282 2743 Dehinc
294 2691 434 2757 regnante
447 2688 473 2744 in
492 2689 593 2746 Gothis
606 2690 751 2758 borbista,
764 2690 899 2748 lliciueus
914 2707 961 2748 re·
1015 2694 1062 2746 ter
1073 2705 1146 2760 quaes
1160 2689 1236 2745 bello
1247 2689 1411 2759 commisso,
1434 2688 1520 2745 Gothi
1537 2689 1679 2745 Romanos
1690 2687 1835 2756 vicerunt,

139 2774 182 2829 nit
192 2774 219 2831 in
233 2775 374 2848 Gothiam,
386 2791 421 2833 eo
443 2781 641 2849 temporeque
657 2778 734 2850 Sylla
746 2780 903 2836 homanum
919 2786 961 2837 te·
1015 2778 1194 2850 capntOppii
1207 2777 1303 2833 Sabini
1320 2777 1521 2846 absciderunt,
1539 2776 1796 2833 multaseivitates
1808 2780 1836 2832 el

139 2864 203 2920 nuit
215 2864 424 2938 principatum;
445 2881 528 2938 quem
541 2867 688 2924 hicineum
712 2869 876 2941 suscipiens
891 2870 961 2926 Bor·
1013 2866 1136 2924 castella
1153 2866 1189 2923 de
1206 2872 1288 2939 parte
1306 2864 1619 2938 imperatorispublice
1631 2864 1746 2937 predati
1758 2868 1835 2923 sunt.

139 2952 225 3023 bista,
237 2954 318 3010 dedit
328 2955 354 3010 ei
367 2956 474 3024 regiam
489 2960 767 3029 potestatemeujus
777 2958 960 3016 consilioGo·
1014 2956 1074 3024 Qua
1091 2956 1265 3012 necessitate
1280 2953 1459 3034 corrnpulsus,
1476 2953 1658 3011 Domieianus
1679 2968 1746 3011 eum
1761 2952 1838 3011 omni

139 3043 435 3102 thiGermanorum⁷⁸¹
451 3051 632 3118 terras,quas
645 3063 721 3105 nunc
737 3049 957 3120 Francitenent,
1015 3048 1124 3103 virtute
1139 3045 1288 3102 Yllirieum
1305 3044 1483 3117 properarit,
1507 3042 1678 3116 prelatoque
1695 3042 1839 3101 militibus

138 3132 268 3204 populati
293 3138 376 3201 sunt;
393 3134 499 3205 quibus
515 3136 569 3192 hoc
585 3142 648 3193 erat
672 3137 799 3201 salubre,
816 3139 870 3194 boe
883 3154 960 3208 corra—
1015 3134 1248 3204 Frrseoduetore,
1260 3148 1325 3190 eum
1337 3132 1526 3190 electissimis
1538 3131 1609 3190 uiris
1620 3146 1732 3189 amnem
1746 3134 1840 3191 Danu·

138 3221 264 3292 modum,
286 3222 339 3279 hec
351 3223 490 3294 votivum,
508 3228 538 3280 ui
555 3225 694 3296 quiequid
706 3225 842 3283 Dicineus
858 3242 958 3283 eornm
1015 3225 1064 3295 bii,
1080 3223 1225 3281 consertis
1237 3221 1840 3294 navibusinstarpontis,eumtr⁴ansmeare

137 3309 324 3366 consiliarius
341 3312 528 3384 precepisset,
546 3313 599 3369 hoe
615 3313 708 3369 modis
724 3314 859 3371 omnibus
874 3329 959 3388 expe·
1016 3313 1147 3387 precepit
1159 3325 1247 3384 super
1261 3310 1423 3368 exereitum
1437 3309 1591 3381 dorpanei.
1609 3309 1694 3367 Gothi
1711 3310 1784 3367 hant
1798 3324 1841 3368 se·

138 3396 253 3453 tissent.
266 3397 359 3465 (ioan.
372 3413 396 3455 e.
416 3403 445 3456 ll
471 3400 549 3471 sqq.)
565 3399 618 3466 Qui
634 3415 757 3458 cernens
785 3416 885 3460 eorum
901 3404 960 3458 ani·
1013 3416 1087 3474 gaes
1103 3416 1182 3457 arnna
1194 3404 1365 3472 capessunt,
1379 3400 1530 3472 primoque
1544 3398 1684 3457 conuictu
1695 3400 1841 3456 Romanos

137 3499 198 3541 mos
215 3484 271 3542 eibi
287 3486 314 3542 in
331 3487 466 3544 omuibus
481 3487 600 3545 obedire
616 3491 646 3545 et
661 3488 796 3548 naturale
812 3491 959 3560 ingenium
1015 3489 1185 3557 devincunt,
1202 3493 1232 3546 ot
1247 3486 1393 3545 exstineto
1409 3488 1499 3544 Fusco
1511 3487 1595 3558 duce,
1606 3485 1840 3544 militumcastra

137 3586 188 3630 eos
203 3574 321 3646 habere,
338 3576 413 3632 omni
440 3591 512 3648 pene
528 3577 717 3649 phylosophia
743 3594 792 3635 eos
807 3579 957 3651 instruxit,
1016 3577 1193 3650 predantur3
1210 3590 1372 3647 magnaque
1388 3573 1616 3647 petitivictoria,
1630 3575 1688 3646 jam
1698 3588 1840 3646 proceres

136 3661 284 3734 elegitque
299 3678 335 3721 ex
346 3664 389 3721 eis
400 3665 597 3723 nobilissimos
614 3671 642 3722 et
656 3666 860 3738 prudentiores
870 3669 958 3740 uiros,
1014 3682 1093 3737 euos,
1106 3681 1161 3723 non
1176 3665 1257 3737 quasi
1275 3679 1365 3736 puros
1380 3663 1512 3721 homines
1524 3662 1575 3721 sed
1588 3663 1669 3735 quasi
1682 3663 1838 3734 semideos,

138 3765 211 3821 quos
224 3751 400 3823 theologiam
412 3753 530 3823 doeens,
540 3756 655 3811 numina
669 3757 800 3827 quaedam
812 3761 841 3815 et
851 3757 959 3815 sacella
1014 3758 1108 3812 husee
1123 3757 1303 3811 vocaverunt
1332 3752 1459 3820 Quorum
1474 3751 1671 3823 genealogiam
1688 3756 1720 3809 ut
1737 3754 1839 3823 paucis

136 3840 270 3896 uenerari
283 3842 384 3912 suasit,
397 3857 507 3915 eosque
518 3844 686 3902 sacerdotes
700 3845 889 3914 lecit,nomen
903 3847 961 3904 illis
1015 3858 1195 3917 percurram,
1222 3842 1332 3914 primus
1349 3842 1450 3897 borum
1466 3841 1586 3898 heroum
1602 3840 1655 3897 luit
1670 3839 1775 3913 Capul,
1792 3839 1839 3915 qni

136 3927 322 4001 pilleatorum
336 3930 464 4002 tradens,
479 3933 544 4004 qnia
557 3934 826 4006 opertiscapitibus
837 3937 957 4009 thyaris,
1013 3933 1113 4004 gennit
1124 3931 1227 4002 Ulrnul,
1246 3929 1338 3986 Ulmal
1351 3928 1532 4000 veregenuit
1544 3929 1716 4001 linguisnth,
1735 3929 1841 4000 hugui-

136 4018 190 4075 hoe
201 4023 246 4076 eet
255 4016 361 4091 pilleis,
373 4019 735 4093 litabant,reliquamrero
746 4024 960 4096 gentemoapil-
1014 4019 1121 4078 sath⁷⁸⁷
1132 4019 1362 4092 genuitenmqui
1375 4018 1473 4076 dictus
1485 4021 1530 4076 est
1543 4017 1652 4089 Amaia,
1662 4022 1783 4089 aquoet
1794 4030 1841 4088 ge·

136 4103 484 4178 larandioijussiteuou
505 4125 607 4167 nomen
620 4112 703 4168 Gothi
714 4126 765 4183 pro
777 4127 881 4184 magno
897 4128 960 4171 sus·
1014 4126 1068 4168 nus
1086 4108 1252 4167 etmalorum
1265 4107 1411 4174 decurrit;
1428 4105 1528 4164 Arnala
1544 4107 1727 4178 veregenuit
1745 4107 1841 4164 hisar-

136 4195 289 4266 eipientes,
304 4195 397 4253 adhuc
410 4197 438 4253 in
450 4198 511 4255 suis
522 4199 707 4257 cantionibus
719 4201 956 4259 reminiscuntur.
1013 4215 1089 4271 nam,
1103 4198 1233 4256 llisarnis
1244 4202 1341 4255 autem
1352 4196 1453 4267 geurrit
1469 4196 1688 4266 ostrogotham,
1701 4195 1842 4267 Ostrogo-

136 4283 299 4342 Decedente
318 4283 353 4318 ⁷⁸¹
368 4300 436 4342 vero
461 4286 588 4357 bicineo,
605 4287 667 4359 pari
683 4303 757 4360 pene
771 4290 959 4347 veneratione
1013 4291 1062 4345 tha
1074 4288 1174 4360 genuit
1185 4287 1291 4356 Hrrnul,
1308 4286 1403 4343 liunul
1418 4283 1626 4356 geuuithtbal,
1640 4282 1727 4341 hibal
1740 4283 1842 4356 genuit

135 4371 499 4443 babueruntcumosieum,
521 4375 629 4446 quinec
644 4376 835 4448 impariserat
855 4379 958 4435 soller·
1016 4377 1169 4434 hchiuliet
1183 4374 1292 4443 Odiuli,
1309 4372 1428 4431 hebiull
1440 4377 1537 4431 autem
1550 4373 1652 4444 genuit
1667 4372 1798 4431 basilam
1812 4378 1841 4430 et

137 4459 193 4516 tiae.
204 4461 530 4518 liicetenimrexilliset
554 4464 815 4535 pontiiexobsuam
824 4468 956 4538 peritiam
972 4442 998 4503 D
1014 4465 1149 4522 lidiullet
1161 4461 1339 4521 Wituli⁷⁸⁸et
1360 4462 1589 4533 hermenricum,
1611 4460 1755 4518 Witnli'm
1772 4475 1841 4519 uere

136 4547 164 4604 in
174 4548 409 4619 summajustieia
423 4550 561 4623 populum
571 4553 738 4622 regebat.Et
751 4555 803 4611 hoe
814 4555 958 4612 rebushu·
1013 4554 1115 4625 genuit
1130 4551 1374 4620 walaradantem,
1401 4550 1589 4607 walaradans
1616 4548 1750 4607 hiarium
1762 4546 1799 4584 ²⁸·
1812 4554 1841 4606 et

136 4637 409 4710 manisexeedente,
421 4638 957 4715 zalmoxesrexGothoruminregnum
1014 4642 1231 4711 venetharium,
1253 4638 1447 4696 venetharius
1457 4636 1702 4709 wandalaricum,
1718 4637 1842 4695 wanda-

135 4726 316 4798 conscendit,
341 4732 371 4783 et
387 4742 439 4799 per
455 4730 489 4785 lu
503 4743 593 4785 annes
609 4729 637 4785 in
653 4730 733 4786 batia
746 4732 806 4788 suis
820 4733 958 4803 gentibus
1015 4729 1230 4801 lariensgenuit
1242 4725 1506 4785 Dietmarum⁷⁹⁰et
1518 4725 1701 4783 walamirem
1715 4731 1747 4785 et
1763 4725 1843 4783 witi·

135 4815 298 4888 imperavit.
316 4816 427 4873 baliam
443 4823 539 4874 autem
555 4816 589 4850 ⁷⁸³
603 4818 668 4875 dieo
684 4819 844 4891 antiquam,
873 4836 958 4892 quam
1015 4835 1124 4878 marum
1135 4817 1179 4889 ⁷⁹¹,
1192 4818 1320 4876 Dietmar
1333 4816 1432 4887 gennit
1449 4815 1670 4887 Theodericum,
1684 4815 1842 4875 Theoderi-

135 4903 347 4977 nuneGepidae
376 4906 528 4978 possidere
546 4911 718 4964 noscuntur.
738 4908 806 4975 Qun
822 4910 914 4980 patria
931 4910 959 4967 in
1014 4924 1066 4967 ens
1093 4907 1193 4979 genuit
1224 4904 1469 4974 Amalasuindam,
1504 4902 1712 4962 hmalasuinda
1740 4903 1841 4977 genuit

135 4996 296 5065 conspectu
308 4995 413 5052 Moesiae
425 4995 481 5052 sita
492 4998 575 5053 trans
585 4995 759 5067 Danubium,
772 5012 879 5055 corona
900 4999 960 5056 cin·
1014 4996 1211 5055 Athalaricum
1226 5001 1254 5054 et
1283 4992 1492 5051 hlatesuindam
1508 4992 1544 5051 de
1561 4992 1838 5052 eutharicum-ire

136 5079 216 5150 gitur
232 5084 383 5155 montium,
397 5084 471 5142 duos
493 5089 604 5142 tantum
617 5083 727 5141 habens
740 5099 886 5157 necessus,
903 5088 960 5159 pri·
1016 5102 1080 5158 suo,
1094 5085 1143 5158 qui
1154 5081 1419 5154 affluitategeneris
1430 5081 1472 5139 sie
1484 5080 1520 5140 ed
1530 5080 1839 5154 earneonjunctusesi.

818 5228 936 5287 VAerE
955 5230 1156 5290 hecherius.

170 5325 308 5384 ⁷⁷⁹xxe⁰
343 5327 552 5391 memrot.
596 5332 631 5368 ⁷⁸¹
657 5338 679 5390 t.
697 5347 882 5393 romanorum
904 5340 943 5394 9⁰.
983 5335 1228 5395 ⁷⁸¹deeidentel.
1260 5336 1344 5390 blo.
1383 5329 1419 5365 ⁷⁸⁸
1447 5336 1563 5389 reret.
1606 5328 1836 5390 Mamiliano.

136 5393 171 5431 ⁹⁸⁸
186 5398 338 5470 erpantale
353 5403 377 5456 4.
396 5407 564 5473 erpantanae
578 5409 603 5461 t.
621 5412 795 5477 expantanae
808 5410 854 5463 10.
874 5407 1054 5482 herpantalae
1073 5415 1112 5464 er.
1156 5403 1191 5440 '⁸⁶
1207 5402 1377 5475 frigdigerni
1392 5405 1435 5458 9⁰.
1476 5400 1512 5436 ⁷⁸⁷
1524 5402 1608 5462 deest
1618 5405 1648 5458 9⁰
1663 5403 1698 5460 ic
1711 5404 1841 5472 mergites

135 5481 171 5526 su
213 5471 230 5528 i.
250 5475 292 5527 10.
332 5468 555 5531 ⁷⁸⁸wrthull90.
596 5475 779 5535 'Priarrnn
793 5481 835 5535 9⁰.
857 5482 903 5538 tu.
943 5476 1289 5536 ⁷⁹⁰diethmaruml.e⁰.
1331 5471 1618 5531 l⁰¹withmurnmw.
1663 5473 1840 5532 mendicum

67 5603 70 5606 ,
178 5554 223 5598 em
238 5543 271 5600 ia
287 5539 335 5600 tia
351 5495 698 5608 nominitasseritendis
713 5549 830 5609 secutus
844 5563 919 5608 aaut.
1697 5532 1706 5552 ⁸
