3788 5992
102 137 162 206 965
537 138 760 205 CHRONICA.
776 174 813 187 -·
827 130 1067 204 CHRONIGON
1091 134 1367 202 Unrvnmsnen.
1749 138 1809 203 966

103 277 147 335 vel
160 292 227 335 cnm
241 276 408 335 Baldewino
423 276 518 334 Rebas
535 276 675 346 abierant,
689 274 829 334 Laodicia
841 278 928 348 fpro-
943 277 969 337 A
986 276 1206 345 universaaeque
1217 271 1408 331 circumcirca
1418 271 1559 330 aecclesiae
1570 275 1724 345 peremnia
1735 274 1809 333 ludi-

103 381 158 437 que
171 370 381 435 remanserant,
394 380 444 437 per
453 365 585 422 diversas
597 364 824 436 circumquaque
837 365 928 435 regio·
985 363 1057 419 briis
1068 377 1223 420 uuriieroso
1234 376 1372 417 annorum
1382 361 1508 416 circuitu
1519 361 1709 430 subjacebant
1723 379 1809 435 paga·

103 454 393 526 uesdispersierant.
984 467 1095 508 norum.
1122 451 1192 506 Orto
1215 451 1327 505 interea
1351 448 1427 504 bellu
1449 454 1528 504 sorte
1553 450 1710 507 miserabili
1733 454 1810 510 inter

211 542 424 614 Qrteaequitur
432 542 561 598 historie
572 540 642 598 tete
652 543 798 600 Hierosol.
808 544 928 600 bocboc
983 538 1159 595 christianos
1179 537 1348 607 orientales,
1366 536 1452 592 idest
1469 537 1576 594 Grecos
1595 542 1624 593 et
1645 542 1807 612 arinenios,

209 614 290 696 dfffl
304 616 333 669 D·
353 615 400 682 Ee
417 615 471 683 qui
486 614 672 701 singularem
689 614 806 671 uddrmt
821 627 929 696 reurre-
983 628 1123 696 drrrrenii,
1138 632 1240 698 utpote
1254 626 1387 697 regniset
1400 640 1520 681 nunrero
1533 626 1696 697 pauciores,
1710 629 1809 686 aflines

209 684 420 742 ‘mamam
433 685 493 741 l⁰⁶⁰
509 697 574 740 mm
590 686 619 738 θ’
638 684 699 740 '²⁶⁸⁶
714 685 830 740 tantum
845 685 929 739 em
983 717 1131 771 asciseunt
1150 715 1204 771 sibi
1225 716 1260 770 de
1280 714 1379 770 Persia
1401 713 1558 770 bellatores
1578 714 1694 786 inelytae
1715 717 1806 787 faniae,

211 755 278 811 beret
299 777 308 811 :
330 754 438 810 Eodem
462 768 536 809 anno
561 754 696 809 ‹lorrainus
720 761 821 811 noster
844 758 928 811 lesus
1366 802 1393 812 ..
1565 801 1570 812 .
1736 803 1741 814 .

210 827 344 881 Cbristus
364 825 512 881 civitatem
536 825 644 894 requiei
666 840 727 881 suae
748 826 928 882 llierusalem
983 804 1127 869 T¹¹¹¹f⁰⁰si
1156 817 1278 872 q⁰⁰l¹¹⁰¹
1307 801 1413 857 ³⁰x¹¹¹⁰
1438 801 1539 857 ⁸⁰d³²³
1560 809 1643 871 lum
1666 803 1806 874 9¹³⁰¹²¹¹¹1¹

209 896 346 952 fidelibus
365 895 426 951 suis
447 895 570 965 aperuit,
585 899 614 950 et
629 895 785 952 eliminatis
802 911 854 968 per
872 911 929 951 uta-
984 904 1067 945 suum
1089 890 1242 958 seditione,
1265 889 1439 944 dimiserunt
1456 903 1506 945 eos
1520 890 1556 945 acl
1572 891 1699 961 propria,
1722 891 1808 948 niuris

208 966 389 1047 altitudinem
402 965 542 1046 βθῑθΰῑῑῖθ
553 980 613 1046 ,³1¹ae
626 980 801 1048 f2f3³¹¹0¹jflssf
817 966 929 1048 stillici-
986 978 1108 1034 allectos
1121 983 1264 1034 terrarum
1281 978 1409 1048 ipsarum
1424 976 1505 1048 eopia
1521 982 1551 1033 et
1568 978 1729 1034 fertilitate.
1746 978 1808 1045 Qua

210 1052 275 1107 ⁰¹¹⁸,
307 1037 428 1092 ¹¹b⁰f¹¹¹¹¹
457 1037 624 1092 ⁰hl¹st¹²¹¹¹ae
650 1036 815 1093 ‘¹⁰V⁰l¹⁰¹¹¹⁸
841 1042 929 1094 mum
985 1066 1021 1121 de
1036 1080 1067 1122 rc
1084 1066 1155 1121 inito
1172 1070 1235 1136 post
1248 1079 1337 1120 arrnos
1354 1063 1463 1133 aliquot
1478 1065 1613 1131 oonsilio,
1627 1070 1808 1122 orirerserunt

210 1107 442 1164 misericorditer
458 1107 527 1162 inibi
544 1109 731 1163 restaurarit.
1094 1154 1098 1163 .
1186 1153 1190 1162 .
1548 1151 1552 1161 .

139 1195 189 1250 llic
210 1193 245 1249 de
265 1194 376 1252 militiae
396 1194 441 1251 vel
462 1194 658 1265 expeditionis
677 1194 807 1263 eiusdem
830 1209 917 1250 causa
986 1152 1193 1224 ³h³q¹¹¹¹⁰¹¹⁸¹¹
1214 1151 1296 1224 plaga
1316 1152 1351 1207 *¹⁰
1372 1157 1450 1207 tem
1470 1152 1638 1222 G⁰m²³¹¹³’
1660 1167 1724 1223 Μ
1745 1153 1810 1224 ⁹¹⁰⁸

105 1297 161 1339 non
178 1286 236 1339 tam
253 1283 421 1339 humanitus
442 1297 525 1352 quam
547 1281 688 1338 divinitus
709 1282 853 1351 ordinata,
875 1284 930 1338 fert

72 1433 77 1440 ,
104 1371 218 1427 animus
230 1376 358 1426 aestuans
367 1368 462 1441 aliqua
474 1369 647 1441 prescriptis
659 1369 796 1439 adjicere,
808 1370 930 1426 maxime

103 1459 140 1515 ob
158 1458 396 1531 imprudentium,
418 1457 503 1513 immo
525 1457 735 1529 impudentium
750 1460 930 1529 quorundam

104 1547 351 1617 redargutionem,
363 1547 411 1618 qui
423 1551 540 1603 vetusto
552 1561 776 1617 sempererrore
786 1548 928 1617 contenti,

104 1635 263 1692 novitatem
279 1637 362 1706 bane,
374 1635 432 1706 iam
447 1635 611 1692 senescenti
623 1642 653 1690 et
664 1650 755 1708 prope
769 1637 929 1709 intereunti

104 1723 211 1780 mundo
231 1723 489 1795 pernecessariam,
508 1737 560 1779 ore
577 1724 735 1780 ternerario
759 1731 930 1795 presumunt

103 1811 329 1883 reprehendere,
342 1812 397 1882 ipsi
407 1811 544 1883 epicureo
556 1826 635 1867 more
647 1812 826 1882 voluptatum
842 1812 930 1868 latam

102 1899 148 1934 ¹⁸¹⁸
160 1915 245 1971 quam
262 1905 356 1956 artam
372 1901 476 1957 divinas
495 1900 648 1957 servitutis
663 1900 737 1956 viam
754 1900 931 1971 amplecten-

104 1989 332 2060 tes,appetitum
342 1990 439 2045 mundi
451 1989 645 2060 prudentiam,
656 1989 931 2060 contemptumejus

103 2076 276 2147 stulticiam,
291 2078 346 2133 boe
357 2082 403 2133 est
415 2091 565 2133 carcerem
582 2077 716 2149 patriam,
735 2077 872 2133 tenebras
889 2076 931 2134 lu·
1006 2124 1011 2134 .

103 2179 175 2235 cem,
198 2164 303 2221 malum
327 2166 444 2235 bonurn,
466 2169 587 2221 mortem
609 2165 709 2233 vitam,
732 2165 804 2236 prob
822 2164 928 2236 pudor!

102 2254 192 2310 corde
208 2253 363 2310 cecissimo
379 2254 600 2310 considerantes
612 2252 666 2307 ¹⁶¹⁶.
680 2253 873 2310 lenocinatur
887 2253 930 2309 eis

103 2343 132 2398 in
149 2342 203 2399 boe
217 2346 246 2399 et
260 2340 410 2398 audaciam
427 2342 592 2412 huiusmodi
609 2342 810 2398 subirainistrat
828 2342 931 2413 depra-

102 2435 169 2487 vata
179 2429 238 2500 jam
250 2430 389 2501 undique,
405 2430 454 2486 sed
470 2430 592 2485 niaxime
606 2430 741 2500 partibus
752 2429 779 2484 in
792 2429 870 2499 istis,
887 2443 931 2485 re·
988 2475 993 2485 .

103 2533 167 2575 rum
182 2518 306 2589 vertigo,
322 2518 370 2574 ubi
383 2517 526 2589 sapientia
544 2532 594 2589 pre
612 2518 746 2574 omnibns
758 2517 861 2587 invisa,
875 2518 932 2573 vir·

104 2610 153 2664 tus
172 2607 265 2663 omnis
281 2611 325 2662 est
342 2607 454 2674 odiosa,
472 2605 574 2676 religio
591 2605 764 2676 despicitur,
780 2605 931 2661 bumilitas

103 2694 308 2765 conculcatur,
321 2695 427 2751 astutia
438 2695 594 2765 primatum
605 2697 729 2765 prestat,
739 2693 844 2750 vicium
854 2709 932 2750 amo-

103 2799 165 2840 rern
179 2783 329 2854 conciliat,
345 2783 507 2840 erudelitas
518 2782 716 2852 ¹⁶¹⁷timorem,
733 2784 870 2853 superbia
882 2784 932 2839 im-

104 2876 189 2944 perat
200 2873 349 2928 bonorem.
367 2872 425 2927 Nos
438 2877 535 2926 autem
547 2871 575 2925 in
587 2871 708 2926 Doritino
720 2876 831 2926 tantum
843 2870 931 2928 conn-

103 2959 218 3030 dentes,
238 2975 291 3016 nce
312 2959 501 3031 presentibus
520 2959 570 3015 sed
592 2959 699 3015 futuris
721 2959 877 3029 inhiantes,
898 2975 931 3017 ae

103 3047 173 3105 lieet
202 3053 385 3122 spectatores
407 3047 492 3118 pigri,
518 3046 648 3102 fautores
673 3056 766 3102 tarnen
793 3047 929 3117 benivoli,

108 3136 260 3195 laudemus
273 3136 392 3193 eosdem
406 3132 451 3167 ¹⁶¹⁸
465 3135 558 3190 nostri
573 3136 716 3205 temporis
731 3136 810 3191 viros
824 3135 932 3206 glorio-

106 3240 163 3295 sos,
177 3225 371 3296 quiricerunt
387 3238 476 3293 regna
492 3223 601 3291 mundi,
619 3223 666 3293 qui
684 3223 796 3279 relictis
812 3229 933 3296 propter

106 3313 185 3384 pium
201 3312 264 3369 ovis
283 3311 448 3367 centesimae
466 3310 643 3381 quesitorem
659 3311 833 3381 conjugibus
850 3325 882 3365 ac
899 3311 932 3366 li·

107 3401 196 3472 beris,
217 3401 315 3471 regnis
331 3404 360 3456 et
377 3399 496 3467 divitiis,
516 3401 678 3469 posuerunt
694 3399 804 3455 animas
819 3414 887 3455 suas
904 3399 930 3455 in

105 3490 239 3546 manibus
254 3489 324 3559 suis,
341 3488 402 3544 zelo
417 3488 546 3544 zelantes
559 3502 611 3559 pro
624 3488 740 3543 dourino
752 3490 810 3543 lieo
821 3487 933 3543 exerei-

104 3581 198 3647 tuum,
222 3582 346 3648 utraque
366 3576 508 3645 condigne
529 3575 633 3631 armati
655 3575 836 3644 fortitudine,
855 3574 931 3645 regis

105 3667 150 3724 sui
166 3667 293 3723 caelestis
309 3666 442 3721 ineuntes
458 3664 608 3719 servitium
625 3662 683 3718 ¹⁶¹⁹.

141 3758 281 3827 Tempore
296 3755 422 3810 lleinrici
437 3755 486 3809 llll
501 3753 631 3821 Romani,
645 3756 675 3808 et
689 3750 782 3807 Alexii
795 3753 932 3808 Constan-

73 3897 82 3915 ,
108 3843 293 3917 linopolitani
305 3843 455 3915 principis,
463 3841 545 3911 juxta
557 3841 722 3912 presagium
731 3839 931 3909 evangelicum

106 3934 234 3994 surrexit
251 3933 377 4002 undique
387 3946 459 4001 gens
471 3935 572 3986 eontra
584 3934 698 3998 gentem
712 3933 740 3984 ot
753 3943 872 3998 regnum
884 3929 932 3985 ad·

106 4036 210 4079 versus
222 4035 353 4089 regnum,
365 4024 392 4075 ot
407 4021 591 4075 terraemotus
600 4017 693 4087 magni
703 4021 787 4072 eraut
797 4030 847 4087 per
857 4016 930 4088 loca,

105 4113 135 4166 et
149 4109 326 4181 pestilentiae
337 4114 367 4162 et
381 4109 469 4162 fames
479 4112 667 4176 terroresque
679 4106 714 4161 de
726 4105 798 4161 eaelu
810 4110 839 4161 et
849 4106 931 4175 sigua

106 4211 226 4268 magna;
238 4202 266 4253 et
279 4196 345 4266 quia
355 4195 413 4265 iam
424 4196 451 4251 iu
463 4194 850 4265 omnesgontesevangelica
861 4195 932 4250 tuba

103 4285 177 4356 iusti
186 4284 459 4356 judieisadrcmmn
473 4285 697 4355 preconabatur,
711 4297 779 4338 eece
789 4283 877 4338 etiam
890 4286 932 4338 to-

107 4379 168 4432 tum
185 4376 412 4444 circumquaque
427 4374 564 4429 rutundum
579 4373 660 4441 signa
678 4371 850 4443 prophetata
868 4386 932 4444 por·

107 4463 276 4520 tendentum
294 4460 468 4518 universalis
482 4461 615 4518 aecclesia
630 4459 854 4530 contemplatur.
870 4462 931 4515 tam

109 4548 299 4606 llierosolima
324 4549 492 4606 sarracenis
512 4549 625 4605 civibus
645 4562 788 4620 possessa,
813 4546 933 4619 Babylo·

108 4637 163 4695 nito
175 4640 260 4710 (atti),
274 4651 338 4708 quae
350 4653 425 4694 nune
436 4637 521 4694 sedes
529 4641 572 4695 est
586 4637 666 4707 regni
677 4636 813 4708 aegyptii,
826 4635 933 4692 servie-

109 4725 169 4796 bat,
179 4727 238 4797 Jam
252 4726 347 4783 tenuis
357 4727 385 4782 in
396 4741 429 4782 ea
441 4727 609 4784 cbristiauae
622 4725 816 4798 professionis
831 4724 933 4793 religio

108 4815 258 4873 cotidiano
272 4830 303 4872 se
317 4817 429 4872 tributo
445 4815 616 4872 redimebat.
634 4815 812 4883 Bethlehem,
829 4813 932 4871 domus

109 4903 192 4975 panis
208 4906 390 4974 angelorum,
406 4904 556 4962 stabulum
571 4905 646 4962 faeta
662 4908 708 4960 est
723 4907 931 4973 armentorum,

920 1244 929 1270 '
986 1243 1132 1298 bominum
1149 1258 1233 1313 quam
1249 1242 1377 1299 victuum
1394 1241 1500 1296 fertilis
1517 1256 1580 1298 essu
1596 1246 1732 1298 narratur
1746 1257 1811 1313 pre·

986 1331 1163 1402 scriptorum
1180 1345 1356 1402 paganorum
1371 1330 1462 1401 copiae
1479 1329 1588 1399 multm,
1601 1345 1665 1400 qnae
1677 1331 1731 1386 sub
1743 1344 1811 1400 qua-

988 1426 1053 1476 tuor
1065 1420 1188 1476 sultanis
1198 1419 1298 1475 divisae
1308 1418 1395 1473 -sie
1407 1417 1483 1473 enim
1495 1422 1627 1489 satrapas
1640 1433 1709 1474 suos
1721 1418 1810 1473 nomi·

988 1523 1056 1564 nare
1073 1507 1213 1564 solent—
1226 1506 1273 1562 nui
1290 1511 1400 1561 tantum
1418 1507 1535 1561 Persico
1552 1507 1720 1576 imperatori
1738 1520 1810 1577 pene

945 1634 971 1694 B
988 1596 1077 1652 divini
1088 1594 1186 1652 cultus
1199 1609 1278 1650 more
1290 1594 1423 1664 subjecti,
1436 1610 1487 1665 per
1499 1596 1673 1664 Armeniam,
1686 1596 1811 1666 indeque

988 1683 1177 1752 Capadociam
1195 1687 1342 1752 totamque
1356 1682 1522 1738 Romaniam
1538 1688 1625 1753 atque
1641 1683 1743 1738 Siriam
1758 1682 1811 1738 dif-

987 1772 1042 1828 fusi
1053 1778 1130 1828 sunt.
1143 1772 1239 1827 Primo
1249 1772 1356 1842 quippe
1366 1771 1492 1839 bircam,
1502 1770 1655 1827 catholicae
1665 1773 1810 1843 quondam

987 1859 1054 1915 fldei
1070 1860 1173 1916 turrim
1191 1860 1396 1928 brutissimum,
1413 1866 1591 1931 expugnant,
1608 1860 1765 1916 trucidatis
1782 1861 1809 1916 in

986 1962 1019 2004 ca
1030 1948 1200 2004 christianis
1215 1963 1288 2017 iquos
1301 1950 1450 2018 ceperant,
1468 1946 1651 2003 solomanum
1669 1949 1811 2018 quendam

987 2036 1022 2092 de
1035 2036 1096 2092 suis
1113 2039 1266 2106 tyrannum
1285 2051 1349 2091 euin
1372 2034 1508 2106 presidiis
1529 2035 1635 2105 locant,
1661 2035 1812 2093 universas

986 2139 1213 2195 circumquaque
1236 2124 1371 2193 regiones
1388 2125 1532 2193 usquead
1549 2122 1683 2194 paludem
1699 2124 1759 2180 sive
1775 2124 1812 2181 si·

986 2227 1053 2268 rrum
1066 2211 1154 2267 uraris
1167 2211 1214 2281 qni
1228 2210 1378 2266 bracbium
1395 2210 1488 2266 saneti
1503 2211 1617 2280 Georgii
1629 2211 1739 2268 dieitur
1751 2214 1812 2268 fun·

987 2300 1067 2356 ditus
1090 2300 1288 2367 devastantes,
1315 2297 1384 2354 nulli
1409 2299 1510 2354 anirirae
1534 2299 1713 2370 christianae,
1739 2299 1810 2356 nulli

986 2386 1129 2443 aecclesiae
1140 2386 1185 2442 vel
1199 2387 1384 2456 monasterio,
1395 2385 1481 2442 immo
1493 2401 1545 2442 nec
1559 2388 1632 2458 ipsis
1642 2393 1809 2444 sanctorum

986 2476 1160 2545 imaginibus
1174 2480 1337 2545 paroentes.
1350 2473 1524 2529 -Vidimus
1537 2476 1652 2530 enimet
1665 2474 1758 2530 adhuc
1771 2475 1811 2531 vi·

987 2563 1055 2619 dere
1070 2563 1234 2620 miserabile
1247 2563 1443 2633 spectaculum
1455 2567 1500 2618 est
1513 2563 1540 2618 in
1553 2563 1734 2619 semidirutis
1747 2579 1812 2634 par·

985 2653 1057 2709 tium
1074 2651 1187 2708 illarum
1203 2651 1341 2707 oratoriis
1357 2652 1449 2722 ipsam
1466 2649 1625 2707 salvatoris
1644 2652 1737 2708 nostri
1752 2652 1812 2722 eju·

986 2755 1058 2812 sque
1072 2739 1290 2810 gloriosissima
1304 2739 1457 2809 genitricis
1473 2754 1525 2797 seu
1540 2740 1739 2810 quorumlibet
1755 2741 1812 2797 ele·

985 2834 1099 2885 clerum
1126 2828 1266 2899 picturas,
1293 2828 1437 2883 truncatis
1463 2828 1583 2884 naribus
1611 2828 1810 2900 velauribus,

987 2914 1812 2988 mamnusvelpodibuqdcsolatarumecclesiarumque-

946 3003 1139 3078 cdammodo
1157 3004 1266 3059 luctum
1284 3003 1440 3059 visibiliter
1456 3004 1641 3076 pretendere,
1663 3005 1811 3075 divinique

983 3091 1085 3161 judicii
1098 3105 1226 3162 superse
1237 3091 1403 3160 vigilantem
1414 3092 1524 3161 virgam
1536 3092 1629 3163 plagis
1641 3092 1724 3161 qnasi
1739 3107 1812 3148 sem·

986 3195 1038 3252 per
1053 3179 1221 3236 recentibus
1238 3183 1396 3234 ostentare.
1415 3179 1464 3235 llis
1479 3184 1509 3234 te
1523 3179 1640 3249 gladiis,
1657 3195 1674 3235 o
1691 3179 1810 3237 nobilis·

987 3269 1059 3324 sima
1069 3266 1337 3337 Constantinopolis
1349 3281 1401 3322 nec
1414 3267 1490 3338 regis
1502 3268 1543 3322 tui
1556 3269 1663 3323 tutavit
1675 3268 1810 3324 millefor-

986 3357 1040 3412 mis
1055 3356 1172 3425 astutia,
1187 3369 1239 3411 nec
1253 3355 1360 3411 civium
1376 3356 1556 3427 populositas
1571 3356 1736 3424 innumera;
1754 3371 1811 3412 non

987 3451 1016 3500 te
1028 3445 1189 3516 frequentia
1203 3443 1396 3499 nundinarum
1406 3443 1449 3499 vel
1461 3444 1570 3500 infinita
1582 3445 1735 3514 congeries
1746 3445 1810 3501 auri

987 3533 1126 3597 redemit;
1149 3548 1203 3588 non
1225 3537 1252 3587 te
1272 3533 1483 3601 waringorum,
1503 3548 1557 3588 nou
1574 3537 1601 3588 te
1616 3533 1811 3604 flaureopolo·

986 3620 1231 3677 rumtuorumvel
1241 3620 1457 3676 Pineinatormn
1468 3620 1641 3677 classiumve
1653 3620 1808 3677 multitudo

987 3709 1132 3774 defendit;
1156 3708 1247 3764 solum
1272 3708 1323 3763 tibi
1343 3708 1437 3777 stagni
1462 3710 1586 3779 predicti
1613 3709 1808 3766 intersticium
1839 3757 1842 3763 .

988 3798 1113 3869 presidio
1126 3798 1190 3866 fuit,
1203 3799 1289 3854 immo
1301 3799 1362 3854 sola
1377 3803 1404 3853 te
1417 3799 1564 3855 Creatoris
1575 3800 1707 3871 operatio
1719 3799 1811 3855 muni-

986 3887 1040 3943 vit.
1065 3886 1212 3956 subjacuit
1239 3887 1387 3942 furoribus
1404 3887 1469 3942 istis
1484 3893 1640 3958 prepotens
1664 3890 1809 3958 quondam

987 3973 1151 4043 Antiochia,
1173 3979 1201 4029 et
1221 3989 1257 4029 ne
1276 3975 1375 4029 nrultis
1396 3990 1501 4043 morer,
1525 3974 1644 4030 dextras
1664 3975 1810 4032 dederunt

987 4068 1048 4119 toto
1064 4062 1150 4119 simul
1167 4064 1239 4119 Sirra
1256 4067 1343 4133 atque
1357 4061 1512 4118 l'olestina.
1523 4063 1656 4133 -lgitur
1673 4071 1749 4120 terra
1764 4079 1809 4121 re

988 4151 1188 4225 promissionis
1208 4152 1340 4221 subacta,
1358 4155 1451 4206 mater
1471 4156 1577 4207 nostru
1598 4153 1809 4223 redemptionis

988 4257 1020 4298 ac
1033 4241 1099 4297 ndei
1111 4240 1289 4297 Hierusalem
1305 4239 1414 4312 duplici
1431 4239 1611 4311 captivitatis
1624 4241 1694 4311 jugo
1708 4255 1810 4311 grava-

946 4364 974 4425 D
990 4336 1051 4397 tur;
1068 4329 1194 4386 solamen
1208 4334 1303 4385 tanuen
1314 4334 1377 4385 erat
1390 4329 1489 4399 utique
1501 4329 1717 4401 perparvulum,
1733 4331 1810 4400 quod

988 4417 1213 4490 opprimentium
1226 4432 1258 4473 se
1269 4418 1494 4474 sarracenorum
1508 4417 1628 4475 Thureis
1643 4418 1735 4474 inulto
1750 4424 1810 4474 tur-

989 4508 1052 4580 pior
1065 4505 1147 4578 plebs
1155 4519 1236 4577 aqua
1246 4505 1484 4563 sortemultatur.
1498 4506 1597 4563 Posito
1610 4506 1680 4562 inibi
1692 4505 1808 4563 sultano

989 4604 1189 4675 militibusque
1204 4605 1377 4674 nutrierosis,
1395 4605 1430 4660 ad
1446 4605 1667 4662 instaurandum
1680 4610 1810 4661 antemu-

988 4704 1048 4761 rale
1064 4702 1118 4772 ¹⁶²⁰,
1137 4701 1213 4772 quod
1229 4702 1370 4759 hactenus
1386 4704 1526 4770 cernitur,
1554 4703 1645 4757 aliove
1670 4700 1808 4771 quaelibet

988 4800 1120 4870 aedificia,
1134 4799 1326 4855 destruuntur
1336 4798 1385 4854 illa
1396 4814 1459 4869 quae
1470 4805 1552 4854 extra
1564 4798 1712 4854 civitatem
1724 4800 1808 4852 erant

988 4895 1300 4966 monasteria31ionrini
1313 4909 1382 4953 vero
1393 4895 1579 4968 sepulchrum
1592 4897 1715 4965 questus
1727 4893 1809 4953 dum·

788 5016 906 5072 vnlttAE
926 5014 1125 5073 LchfONES.

144 5131 190 5167 ¹⁸¹⁸
204 5133 302 5205 petius
316 5132 405 5189 latam
429 5133 521 5192 emili
534 5133 664 5190 uoluisse
686 5131 824 5189 uidetur:
849 5136 908 5187 tam
923 5131 1011 5187 latam
1028 5129 1107 5191 fulco
1126 5142 1181 5198 erup
1203 5124 1222 5184 l.
1241 5131 1265 5183 t.
1306 5123 1350 5157 ¹⁸¹⁶
1369 5140 1430 5182 cec.
1447 5140 1541 5197 prave
1553 5124 1754 5182 discernentes
1769 5125 1804 5183 ll.

108 5202 153 5245 ¹⁸¹⁷
167 5206 322 5274 extorquet
336 5202 426 5262 addit
439 5206 470 5261 fl.
513 5202 595 5260 ¹⁰²⁸l.
616 5203 844 5274 aliosquosdam
860 5203 894 5257 ll.
932 5200 1017 5257 ¹⁸⁸5.
1034 5199 1152 5258 additr

109 5275 155 5310 “²⁰
170 5270 283 5333 murale
295 5290 369 5334 cerv.
388 5275 568 5333 autemurale
588 5282 609 5332 1.

1208 5214 1277 5256 cm:
1291 5197 1331 5251 lte
1344 5197 1524 5268 profectione
1545 5196 1803 5255 hierosolimitana.

902 5340 1013 5409 ΝΟΜ.

146 5417 219 5493 (aar)
235 5419 255 5476 1.
273 5431 298 5476 e.
315 5416 407 5477 Cairo.
