3788 5992
97 256 159 328 all
537 250 748 320 CHRONICA
781 285 815 298 -
829 243 1068 315 GHHONICON
1090 248 1369 321 UNIVERSALE.
1747 258 1807 324 ele

101 412 166 472 quae
180 398 320 470 nupserat
336 392 508 454 chuonrado
523 391 599 450 duci.
617 389 735 463 sepulta
755 395 801 447 est
826 395 921 447 antem
938 383 1092 446 Altaliam
1109 388 1227 463 doeens,
1246 389 1406 462 aliquantis
1420 388 1460 448 ibi
1475 390 1597 450 urbibus
1607 391 1741 467 eaptiset
1752 395 1806 455 sub

100 488 130 545 in
146 487 268 545 civitate
282 483 549 556 magadeburgensi.
569 484 639 537 Post
662 480 746 552 cujus
770 495 922 537 excessum
979 480 1142 537 custodiam
1158 481 1289 554 traditis,
1306 482 1385 538 redit
1402 482 1431 537 iu
1447 483 1608 541 Faarrciam.
1705 530 1708 535 .

101 592 153 634 rex
178 590 261 632 omne
276 575 405 632 studium
420 573 561 629 transfert
576 573 604 627 in
620 570 720 641 filium,
732 570 866 642 laetoque
884 575 923 626 te·
1015 571 1055 625 Eo
1071 573 1204 642 tempore
1218 575 1359 643 usurpato
1375 571 1499 643 imperio
1515 573 1685 642 regnavitio
1696 575 1807 647 Longo·

100 670 257 735 stamento,
274 665 384 720 creavit
403 678 468 720 eum
486 676 584 731 regem
603 663 669 731 post
684 674 723 716 se.
742 660 806 730 lpse
827 662 922 715 autem
981 657 1081 714 bardis
1098 660 1184 716 bomo
1200 659 1278 717 ierus
1294 662 1323 716 et
1340 674 1458 731 avarus,
1476 667 1506 718 et
1526 662 1574 732 qul
1596 664 1807 735 omnemjusti·

101 758 185 810 tener
201 753 296 809 adbuc
312 756 374 809 erat
391 751 563 807 adolescens
580 762 720 805 annorum
741 752 782 803 iti.
801 749 925 803 111111-
979 747 1054 803 elam
1066 749 1189 819 pecunia
1200 749 1352 820 venderet,
1363 749 1624 822 berengarius,qui
1638 753 1804 811 adeundam

100 847 159 898 tem
172 842 200 897 in
213 840 350 896 Gallicam
364 839 552 911 proficiscens
563 837 789 909 expeditionem,
805 836 923 891 t'estinat
978 851 1077 906 regom
1094 837 1230 895 ottonem
1247 841 1392 911 quondam
1419 842 1508 912 venit,
1534 843 1682 912 llugonem
1706 858 1803 914 regem

100 931 213 986 intrare
229 944 349 999 regnum
367 926 472 996 llaroli,
491 940 577 983 causa
603 924 784 981 vindicandae
810 922 922 992 injuriae
978 926 1070 983 ltaliae
1091 927 1215 999 lugiens,
1234 930 1416 1001 benigneque
1440 928 1475 984 ab
1498 944 1533 987 eo
1557 933 1712 1003 tractatus,
1739 949 1805 990 enm

99 1018 186 1075 ararici
203 1017 248 1074 sui
265 1016 419 1073 ludewici.
438 1016 519 1082 Quod
535 1014 656 1070 audiens
672 1015 763 1083 lingo,
776 1011 922 1082 legatione
977 1014 1099 1072 multam
1117 1017 1267 1088 pecuniam
1283 1020 1365 1089 llugo
1379 1034 1432 1090 pro
1447 1033 1481 1076 eo
1494 1019 1564 1076 dare
1579 1019 1678 1090 vellet,
1692 1025 1805 1079 nonest

100 1106 201 1178 missa,
214 1107 294 1178 jurat
312 1121 362 1177 per
377 1105 499 1161 animam
517 1103 674 1176 patrissui,
689 1101 765 1172 quod
775 1105 854 1158 tanta
864 1100 921 1158 sibi
974 1104 1120 1162 redditus.
1139 1105 1186 1178 (cl.
1203 1106 1319 1165 Liuorn.
1337 1123 1365 1178 v,
1383 1111 1426 1179 11,
1444 1110 1500 1181 13.)
1517 1109 1601 1178 (ll'rn.
1623 1125 1664 1180 ru,
1687 1112 1727 1182 7.)
1752 1111 1804 1168 llic

99 1211 248 1253 armorum
264 1195 345 1265 copia
362 1200 451 1263 esset,
473 1197 610 1264 quantam
634 1206 683 1248 rex
709 1205 856 1262 nunquam
881 1191 922 1247 vi·
975 1206 1040 1248 carm
1051 1198 1151 1264 postea
1163 1195 1285 1267 depulso
1296 1198 1417 1267 llugone
1429 1202 1577 1268 regnaret,
1591 1199 1703 1256 veritus
1716 1199 1806 1257 virtu·

100 1285 205 1355 disset,
216 1285 387 1354 addiditque
397 1279 921 1353 contemptumloquendovanetumi·
977 1285 1035 1338 tem
1053 1283 1211 1352 singularis
1228 1284 1393 1356 prudentiae
1408 1286 1516 1357 reginae
1531 1287 1709 1356 adelheidis,
1726 1288 1805 1345 111-

100 1374 195 1444 deque
211 1388 298 1445 super
313 1371 486 1440 Saxonibus,
509 1370 575 1440 quia
597 1369 730 1425 imbelles
753 1372 864 1438 essent,
890 1371 918 1424 et
977 1369 1072 1428 tlrario
1088 1374 1218 1443 llugonis
1234 1373 1293 1430 filio
1309 1374 1433 1445 relictae,
1450 1375 1478 1431 in
1495 1375 1595 1432 multis
1610 1391 1674 1434 eam
1690 1376 1801 1448 allllxit,

100 1461 167 1532 quia
185 1461 267 1518 laeile
280 1466 377 1533 posset
393 1473 447 1515 una
460 1458 578 1530 potione
587 1462 699 1529 septem
712 1456 851 1513 saxonica
861 1455 919 1511 tela
976 1475 1033 1530 quo
1045 1462 1119 1517 tanti
1131 1463 1221 1520 decus
1233 1462 1400 1535 splendoris
1412 1465 1653 1535 antestinguerot
1664 1469 1802 1523 auteerte

100 1551 272 1606 obsorbere.
291 1550 333 1605 nd
345 1549 421 1620 quod
433 1562 483 1604 rex
495 1548 635 1604 famosum
647 1547 722 1602 satis
733 1545 860 1602 reddidit
876 1559 922 1600 re·
975 1552 1159 1608 obscuraret.
1175 1553 1239 1610 Haee
1249 1559 1347 1609 autem
1358 1553 1415 1609 filia
1428 1553 1482 1610 luit
1493 1554 1637 1610 Ruodollli
1650 1555 1804 1625 regisBur-

100 1653 249 1710 sponsum‚
268 1639 324 1695 sibi
337 1641 397 1694 lore
410 1641 519 1692 tantam
531 1635 748 1692 multitudinem
765 1634 920 1706 pilleorum
975 1640 1165 1712 gaudiosum,
1182 1641 1231 1711 qui
1255 1646 1283 1698 el
1308 1642 1336 1697 in
1360 1642 1441 1698 ltalia
1467 1643 1609 1712 regnavit,
1633 1648 1661 1699 el
1679 1644 1802 1701 dominas

100 1728 273 1798 feninorum,
288 1725 396 1797 quosei
409 1724 775 1797 representarioporteret,
785 1726 920 1795 quantam
934 1745 963 1807 Β
978 1728 1092 1786 Berblae
1104 1729 1222 1801 reginae,
1236 1730 1800 1803 burchardialamannorumdueisllliae,

99 1831 153 1873 nec
169 1816 232 1888 ipse
248 1831 300 1872 nco
317 1819 400 1887 pater
415 1830 487 1871 suus
500 1829 624 1884 unquam
641 1813 765 1882 videret,
776 1816 806 1868 et
817 1827 920 1868 revera
977 1832 1072 1888 quam,
1090 1818 1229 1875 defuneto
1245 1818 1398 1889 baudelio,
1414 1834 1466 1875 rex
1481 1821 1563 1890 llugo
1581 1822 1610 1875 in
1635 1819 1801 1890 coniugium

99 1921 165 1962 curn
182 1911 261 1962 esset
278 1918 399 1974 rrragnus
414 1903 498 1959 valde
510 1901 668 1972 exercitus,
682 1900 841 1958 sorellieet
852 1900 922 1957 dua·
976 1905 1070 1974 duxit,
1087 1904 1234 1976 aliamque
1250 1905 1330 1963 illius
1346 1905 1404 1962 llio
1421 1920 1473 1963 suo
1494 1906 1630 1964 Lotbarlo
1652 1906 1802 1978 copularit

101 2010 224 2065 rumque
239 1994 396 2063 legionum,
412 2006 468 2048 nou
485 1996 530 2047 est
546 1991 681 2047 inventus
696 1990 743 2060 qui
758 1989 852 2046 lenino
864 2004 921 2046 non
977 1994 1025 2066 (cs.
1043 1995 1160 2050 Lrunra.
1179 2010 1214 2050 ιν.
1233 1995 1288 2064 la.)
1306 1993 1389 2063 (ivre.
1409 2009 1449 2065 nt,
1466 1997 1483 2051 8
1498 1997 1585 2068 sqq).
1605 1994 1658 2052 lllo
1679 1995 1706 2051 in
1734 2000 1802 2052 tem·

100 2088 235 2141 uteretur
247 2084 345 2155 pilleo,
359 2082 413 2137 nisi
423 2083 513 2137 abbas
526 2080 665 2136 corbeius
676 2095 740 2136 cum
757 2079 923 2136 tribussuis
977 2098 1046 2155 pore
1058 2082 1257 2154 proticiseitur
1269 2097 1321 2138 rex
1332 2082 1360 2138 in
1372 2082 1800 2142 militiamoontrabolizlavum

101 2173 286 2244 sequacibus.
313 2170 454 2227 Dimissus
481 2168 570 2239 igitur
595 2168 768 2225 ludewicus
791 2168 921 2224 occurrit
976 2186 1073 2241 regem
1088 2171 1281 2240 Boemiorum,
1294 2174 1398 2228 etcum
1411 2171 1552 2242 capienda
1564 2174 1800 2244 esseturbsquae

101 2261 175 2333 regi,
189 2260 379 2331 jungiturque
394 2275 458 2316 curn
475 2258 537 2315 suis
563 2259 627 2328 ejus
645 2257 799 2314 exercitui.
826 2256 919 2328 (11111.
975 2261 1130 2317 dicebatur
1140 2260 1228 2330 Nova,
1240 2259 1267 2315 in
1281 2274 1335 2329 qua
1346 2259 1464 2316 clausus
1479 2260 1800 2318 obsidebaturBoiinlai

100 2368 132 2422 rr,
157 2352 214 2423 tt.)
238 2349 372 2406 Occurrit
397 2348 441 2405 eis
468 2363 532 2405 eum
555 2361 656 2416 magna
682 2346 867 2418 expeditione
891 2350 920 2402 et
976 2348 1064 2419 filius,
1079 2347 1215 2420 prudenti
1229 2361 1279 2403 rex
1290 2347 1412 2405 consilio
1423 2347 1538 2404 diremit
1549 2347 1691 2419 praelium,
1704 2363 1738 2406 ne
1751 2349 1800 2404 mi-

100 2440 293 2499 Cbuonradus
318 2453 369 2494 rex
397 2439 610 2506 Genaunorum,
638 2450 723 2505 quern
748 2434 921 2492 ludewicus
976 2437 1019 2493 les
1045 2436 1073 2493 in
1091 2435 1241 2508 capiendis
1265 2435 1391 2492 bostium
1411 2436 1514 2508 spoliis
1526 2436 1643 2508 aliquod
1660 2437 1800 2495 incideret

99 2529 187 2586 etlam
204 2529 317 2585 vocavit
334 2528 363 2582 in
379 2527 526 2583 auxilium.
538 2523 635 2580 iuneti
646 2539 715 2594 ergo
728 2524 839 2597 pariter
850 2527 921 2594 Lug·
974 2525 1149 2599 periculum.
1163 2524 1351 2581 Considerata
1365 2524 1582 2596 itaquevirtute
1594 2526 1671 2597 regis
1681 2532 1711 2583 et
1722 2526 1801 2583 innu-

98 2619 208 2675 dnnum
220 2618 338 2686 adeunt,
351 2614 401 2672 sed
414 2629 476 2671 eam
493 2613 623 2670 locorum
639 2612 798 2683 asperitato
815 2628 920 2685 capere
976 2631 1054 2673 mera
1077 2615 1227 2671 exereitus
1257 2613 1454 2685 multitudine,
1482 2613 1637 2687 bolizlaus,
1664 2630 1801 2686 egressus

96 2721 153 2762 non
173 2705 314 2775 valentes,
331 2706 500 2759 belnensem
525 2702 674 2759 civitatem
699 2705 852 2772 expetunt,
870 2701 919 2758 ubi
976 2706 1057 2775 urbe,
1071 2704 1171 2760 maluit
1185 2707 1275 2760 tantae
1287 2703 1432 2774 majestati
1445 2702 1558 2774 subjici,
1572 2718 1657 2775 quam
1670 2704 1798 2763 ultimam

98 2809 190 2866 nepos
207 2794 335 2864 llugonis
351 2793 435 2848 ducis
450 2793 530 2862 lingo
545 2790 709 2861 contraius
723 2789 920 2846 etlassubro-
976 2793 1132 2866 perniciem
1144 2793 1214 2865 pati.
1228 2793 1286 2849 Sub
1298 2791 1390 2862 signis
1401 2791 1492 2861 igitur
1501 2796 1583 2849 stans
1598 2798 1627 2849 et
1639 2808 1735 2866 regern
1751 2810 1800 2852 au-

95 2890 183 2953 gatus
200 2888 264 2938 erat
279 2882 444 2951 episeopus,
461 2879 591 2949 legitimo
609 2877 745 2950 pontifice
761 2878 855 2934 adbuc
873 2893 920 2934 su-
974 2883 1002 2939 di
1023 2898 1057 2938 ns
1072 2895 1270 2953 responsaque
1286 2879 1423 2951 reddens,
1435 2880 1675 2939 veniamtandem
1686 2898 1800 2955 prome·

96 2971 229 3044 prestito.
249 2970 333 3039 (Wrn.
351 2984 391 3039 nr,
403 2969 441 3040 3,)
456 2969 561 3025 Urbem
578 2981 647 3023 vero
657 2966 745 3023 aruris
757 2966 916 3038 capientes,
973 2972 1043 3029 rarii.
1060 2972 1129 3026 lnde
1139 2985 1190 3027 rex
1201 2970 1286 3043 plena
1298 2968 1420 3026 victoria
1435 2968 1583 3039 gloriosus
1593 2970 1697 3042 lactus,
1710 2972 1739 3028 in
1751 2972 1798 3028 Sa-

96 3061 236 3131 injustum
253 3059 436 3116 sacerdotem
451 3057 603 3130 expellunt
617 3056 840 3127 legitimumque
855 3057 917 3113 sedi
933 3103 959 3169 c
973 3060 1142 3118 xoniamest
1152 3073 1317 3130 regressus.
1327 3056 1798 3131 Cumquevirtuspreiataereginae

95 3149 222 3223 propriae
239 3148 409 3204 restituunt.
427 3150 497 3204 Post
517 3151 578 3202 tres
603 3145 702 3216 itaque
728 3160 842 3202 rrreuses
866 3161 918 3202 rex
973 3150 1054 3206 illum
1068 3165 1122 3207 non
1134 3149 1250 3220 lateret,
1264 3145 1641 3204 simulatoitinereltomam
1652 3149 1797 3219 proficisci

95 3238 252 3295 saxoniam
268 3253 332 3295 eum
349 3236 481 3294 incolomi
501 3236 634 3292 exercitu
649 3235 736 3292 rediit
761 3234 805 3268 Μ*
828 3236 918 3292 omni·
972 3239 1088 3296 statuit.
1101 3240 1136 3294 Et
1144 3237 1192 3295 ubi
1208 3234 1577 3308 Longobardiamintravit,
1588 3249 1713 3293 amorem
1721 3238 1798 3308 regi-

95 3330 150 3387 bus
164 3343 227 3400 quae
243 3327 332 3383 armis
347 3325 493 3396 exquisita
509 3330 577 3381 sunt
593 3324 749 3381 Ludewico
766 3323 826 3394 regi
851 3323 918 3380 reli·
973 3343 1016 3385 nae
1029 3327 1168 3400 predictae
1181 3326 1349 3383 muneribus
1360 3340 1449 3398 super
1460 3327 1795 3398 seprobaretemptavit.

93 3418 159 3476 etis.
179 3419 261 3487 llugo
280 3421 377 3472 autem
392 3417 532 3485 expertus
549 3413 706 3485 potentiam
729 3413 806 3483 regis
831 3414 917 3468 Saxo·
973 3415 1034 3482 Quo
1052 3413 1179 3471 tideliter
1192 3417 1326 3485 experto,
1344 3413 1549 3485 inconjugium
1563 3413 1618 3470 sibi
1630 3413 1797 3472 eamsocia·

94 3521 220 3578 numque
233 3507 383 3575 virtutem,
394 3518 449 3559 non
462 3518 565 3574 passus
576 3505 621 3558 est
632 3502 917 3559 cosultraterminos
972 3505 1024 3575 vit,
1041 3511 1072 3561 et
1085 3518 1194 3561 cumea
1210 3503 1311 3559 urlrem
1325 3502 1452 3574 Papiam,
1470 3517 1534 3575 quae
1550 3502 1634 3559 sedes
1645 3506 1689 3560 est
1700 3503 1794 3576 regni,

94 3613 167 3656 suos
179 3595 327 3652 hostiliter
339 3593 519 3662 intrare‚sod
530 3592 747 3662 annoseqnenti
760 3592 915 3650 ineundam
972 3593 1109 3651 obtinuit.
1125 3592 1207 3659 Quod
1224 3591 1326 3648 uidens
1343 3591 1420 3648 tilius
1436 3591 1500 3662 eJ'us
1515 3591 1657 3650 Lintolius
1672 3590 1727 3663 ¹⁰⁸,
1744 3592 1796 3649 tri-

94 3685 314 3759 expeditionem
331 3683 390 3752 regi
408 3681 540 3754 pergenti
554 3681 684 3737 occurrit
695 3682 779 3752 juxta
796 3682 915 3739 fluvium
972 3683 1028 3740 stis
1042 3683 1078 3738 ab
1094 3695 1128 3738 ec
1143 3679 1277 3736 discessit
1291 3698 1298 3746 ;
1311 3680 1519 3751 proiectusque
1531 3679 1558 3736 in
1569 3680 1732 3751 saxoniam,
1746 3680 1797 3737 ali-

93 3775 171 3848 quod
188 3774 296 3830 dicitur
312 3775 378 3842 ilar,
395 3776 425 3827 et
438 3772 520 3842 juxta
538 3770 779 3841 imperiumregis
790 3786 855 3828 cum
868 3772 917 3827 do-
972 3770 1109 3843 quamdiu
1124 3772 1256 3826 moratus
1270 3772 1315 3824 est
1333 3769 1360 3824 in
1374 3766 1438 3825 loco
1448 3768 1580 3826 consiliis
1592 3768 1707 3827 lunesto
1717 3768 1796 3826 Sala-

92 3864 171 3921 mino
185 3878 237 3920 suo
254 3861 408 3919 Ludeavieo
424 3865 540 3931 pactum
553 3859 627 3930 iniit,
642 3874 744 3915 manus
756 3859 847 3931 dedit,
861 3861 916 3916 uti·
971 3859 1087 3917 velden.
1105 3859 1166 3913 llex
1181 3871 1251 3912 vero
1267 3856 1295 3910 in
1312 3855 1393 3911 ltalia
1410 3855 1567 3914 celebratis
1573 3856 1655 3926 iuxta
1667 3859 1793 3932 regalem

91 3953 188 4023 lisque
205 3951 325 4023 perinde
342 3949 457 4006 mansit.
475 3950 604 4021 (bruera.
616 3964 643 4018 v,
656 3948 694 4018 1.)
711 3950 916 4005 concurrenti·
971 3946 1213 4018 magnificentiam
1230 3945 1350 4016 nuptiis,
1363 3944 1561 4017 proficiscitur
1573 3945 1639 4002 indo
1650 3961 1715 4003 cum
1727 3945 1793 4003 novi

93 4042 151 4099 bus
165 4045 261 4097 autem
279 4038 406 4108 undique
422 4037 458 4093 ad
475 4051 572 4106 regem
589 4037 771 4107 proceribus,
791 4036 870 4094 venit
886 4044 914 4094 et
970 4034 1145 4092 matrimonii
1160 4033 1307 4103 claritate,
1325 4038 1445 4091 aeturus
1461 4033 1624 4106 proximum
1642 4036 1749 4107 pascha
1765 4035 1793 4092 in

92 4129 137 4186 vir
153 4128 315 4185 ditissimus
332 4124 774 4194 Suevorumduxllerimannus,
788 4126 836 4197 qui
849 4131 916 4198 post
971 4123 1103 4183 saxonia.
1136 4125 1300 4179 Persuasus
1331 4136 1446 4192 quoque
1478 4135 1530 4177 rex
1559 4121 1751 4193 berengarius
1778 4137 1794 4180 a

92 4216 356 4288 congratulationis
380 4214 581 4271 affabilitatem
607 4212 716 4270 talibus
743 4217 787 4269 cst
816 4229 913 4285 regem
971 4211 1143 4272 chuonrado
1159 4211 1242 4280 duce,
1261 4210 1307 4266 cui
1325 4210 1413 4282 Papia
1431 4225 1496 4268 oum
1520 4209 1649 4283 presidio
1674 4210 1793 4267 militari

93 4320 252 4376 aggressus
268 4303 451 4360 sermonibus
467 4322 472 4356 ε
489 4303 557 4360 Nea
570 4301 648 4358 elene
662 4302 848 4359 demitterere
859 4303 911 4374 eat,
969 4303 1073 4361 relicta
1089 4307 1153 4358 erat
1167 4299 1369 4370 custodienda,
1387 4315 1485 4370 regem
1501 4302 1676 4358 subsecutus
1698 4305 1743 4357 est
1764 4301 1792 4357 in

90 4392 913 4466 mepredierarnlatit-adiraeocpecucierumimmensite—
970 4389 1161 4460 Germaniam,
1179 4403 1279 4460 pacem
1294 4402 1359 4444 euru
1374 4402 1409 4443 oo
1426 4388 1557 4445 lauturus
1571 4391 1602 4444 et
1624 4402 1676 4461 per
1699 4388 1793 4446 omnia

92 4484 120 4542 te
125 4482 305 4555 predioiteru
314 4481 426 4554 ubsque
436 4480 540 4538 tiberis
551 4494 629 4550 esse‚·
638 4495 689 4537 ceo
696 4481 914 4552 1111111111-
927 4460 954 4521 D
966 4481 1059 4552 jussis
1073 4478 1137 4549 ejus
1153 4478 1420 4548 obtemperaturus.
1441 4477 1493 4544 Qui
1506 4478 1614 4548 regiam
1625 4479 1746 4536 veniens
1757 4479 1794 4536 ad

91 4569 914 4643 mnriummeorapereutomqulnaeererarerumderes
969 4570 1082 4639 urbem,
1096 4567 1199 4638 iussus
1214 4570 1259 4621 est
1274 4565 1301 4620 in
1319 4564 1446 4637 bospitio
1462 4566 1518 4622 sibi
1534 4571 1637 4639 parato
1657 4582 1793 4635 manere3

91 4660 214 4730 cubici,
228 4674 274 4717 me
288 4658 449 4717 (decedente.
469 4657 913 4731 Plcceuiituquetiii,domiue
969 4656 1158 4730 nequeenim
1178 4654 1279 4711 iaciem
1302 4654 1380 4724 regis
1405 4669 1458 4728 per
1480 4655 1610 4713 triduum
1632 4655 1793 4729 promeruit

90 4750 236 4820 moreni,
243 4748 347 4821 silium
361 4748 445 4803 tuum
453 4745 617 4818 luitolfum
627 4747 720 4805 miehi
730 4748 914 4820 adoptaretur
969 4749 1081 4806 videre.
1097 4744 1179 4813 Quod
1195 4758 1263 4815 egre
1278 4743 1345 4801 tulit
1359 4744 1557 4815 chuonradus,
1569 4744 1617 4816 qui
1627 4758 1692 4801 eum
1704 4744 1794 4802 addu-

88 4839 199 4910 11Ιί111,
213 4834 544 4908 quattuorue-temate
557 4846 627 4891 mec
643 4838 782 4907 conjugio
796 4837 913 4909 copule
968 4840 1061 4907 xerat,
1077 4834 1247 4907 pariterque
1262 4831 1416 4901 Luitollus,
1434 4831 1512 4890 filius
1527 4832 1615 4902 regis,
1631 4832 1681 4905 qui
1705 4848 1792 4890 unum

92 4927 290 4997 tua,meorum
301 4922 912 4995 11111111111111111111111111111-
967 4942 1031 4984 oum
1043 4940 1078 4982 eo
1090 4922 1244 4981 sentiebat.
1259 4922 1326 4976 Post
1340 4922 1400 4977 baec
1411 4935 1463 4977 rex
1474 4934 1571 4991 regem
1582 4919 1752 4993 alloquitur,
1763 4926 1793 4978 et

91 5013 152 5070 cuit
161 5013 222 5083 regi
232 5009 524 5081 consiliumdueis,et
537 5010 613 5079 quod
627 5011 832 5081 poposcitsine
845 5013 913 5070 dila·
968 5014 1133 5087 ingratiam
1150 5013 1227 5083 regis
1251 5024 1284 5067 ac
1312 5008 1420 5080 reginas
1444 5014 1610 5081 susceptus,
1635 5007 1792 5068 deditionis

90 5098 718 5173 tionecomplevitqlvrn.rrr,ti.1n,7.)lnbrevi
728 5100 913 5170 postbaecso·
967 5104 1153 5177 sponsionem
1169 5101 1218 5157 dat
1235 5098 1412 5168 loederlsque
1426 5097 1580 5169 spontanei
1596 5097 1673 5154 diem
1685 5098 1793 5157 locum·

90 5189 282 5260 cermoritur,
292 5205 357 5246 curn
370 5187 563 5245 dueatuomni
572 5187 758 5258 possessione
769 5188 910 5248 derelicta
966 5208 1023 5265 quo
1039 5193 1139 5250 urbem
1156 5192 1314 5262 Augustam
1330 5185 1473 5255 designat.
1486 5185 1540 5242 Ubi
1552 5201 1617 5243 eum
1629 5191 1792 5245 conventus

93 5291 213 5348 genero.
224 5277 571 5348 Quiaoceptapotestate,
584 5276 709 5334 animum
722 5278 910 5349 tranquillum
966 5282 1059 5352 lieret,
1076 5277 1269 5349 berengarins
1285 5289 1386 5332 manus
1402 5273 1453 5329 lilii
1474 5274 1520 5331 sul
1536 5274 1688 5333 edelberti
1704 5275 1792 5332 mani-

88 5382 175 5439 quem
187 5368 216 5423 in
228 5381 319 5438 puero
329 5366 421 5436 gessit
432 5366 523 5437 exuit,
536 5370 736 5438 armatumque
747 5367 869 5426 militem
881 5371 909 5426 in
965 5371 1021 5427 bus
1034 5369 1096 5426 suis
1112 5367 1272 5438 implicans,
1289 5378 1387 5422 coram
1401 5362 1477 5420 omni
1493 5364 1626 5422 exercitu
1640 5363 1790 5422 lamulatni

774 5492 890 5550 vnlllAE
910 5490 1109 5549 LECPlONES.

125 5562 170 5598 ¹⁸²⁴
182 5575 328 5637 suprascr.
346 5568 371 5619 l.
387 5560 432 5595 ¹⁴²⁵
445 5561 489 5619 ild
502 5560 531 5617 ll·
546 5559 565 5616 l·
581 5567 605 5617 1.
