3788 5992
54 193 112 272 us
252 186 258 191 ”
656 205 1080 276 onsomcon-ma
1103 207 1126 275 1.
1695 204 1752 285 lsi

52 343 158 401 darem
175 346 356 402 mortuorum
372 356 428 401 non
446 341 587 401 baberent
604 358 661 414 cuo
672 346 800 413 ruerent,
812 356 871 415 prae
886 344 914 406 Α
929 345 1129 404 ususconsilio
1142 351 1254 419 partem
1266 347 1436 418 regniiratrr
1446 353 1591 410 concessit
1607 355 1749 427 Tolosam,

52 431 245 488 mullitudine
261 433 440 489 occisorum.
470 432 641 489 arulniaoo
670 445 763 503 usque
792 433 873 489 Colo·
930 434 1123 504 caturcinam,
1139 439 1327 508 agenensem,
1344 440 1563 508 Petragoricum
1583 447 1612 499 ct
1633 443 1752 499 Sancto·

52 521 126 576 niam
146 521 473 591 prostratusexercitus
485 525 594 576 terram
605 521 730 591 operuit.
748 520 875 577 Theodc-
929 522 1036 590 uicum,
1053 529 1082 578 et
1098 526 1174 593 quod
1190 524 1225 578 ab
1242 524 1286 580 bis
1298 540 1401 581 versus
1417 526 1564 596 Pyreneos
1576 534 1689 586 montes
1703 544 1753 585 ex·

53 608 133 664 ricus
147 608 245 665 victor
257 609 376 663 tratrem
392 608 590 679 persequitur,
603 615 633 664 et
648 624 764 666 suorum
779 608 875 680 prodi·
931 608 1278 680 cluditur;etregnabat
1303 613 1457 670 aribertus
1489 614 1517 670 iu
1542 616 1693 673 Provincia
1722 621 1753 673 et

53 696 131 752 tione
141 699 262 766 captum
276 696 348 752 aviae
360 695 538 753 Brunicbildi
550 697 650 766 dirigit
664 713 671 762 ;
684 711 768 767 quem
784 696 832 752 illa
847 696 875 750 in
932 696 1085 766 aquitania
1097 703 1127 753 et
1141 703 1208 768 post
1223 704 1284 755 tres
1301 715 1393 757 annos
1409 706 1499 759 totam
1517 703 1687 760 vasconiam
1703 719 1751 762 su·

52 781 194 840 clericum
211 784 337 839 totondit
352 788 381 840 et
401 789 466 854 post
483 783 632 855 paululum
662 784 819 840 interiecit.
932 796 1038 853 perans
1053 784 1108 840 sibi
1123 786 1264 841 subdidit.

87 869 176 939 (Vita
187 869 297 929 Goerict'
307 872 410 943 ampl.)
423 871 571 941 Regnaute
582 871 783 928 Tbeodeberto
809 885 876 940 rege
968 871 1115 942 [Bessis]
1133 875 1211 929 duno
1223 874 1335 929 Domini
1351 879 1402 931 582
1417 876 1489 932 obiit
1501 882 1621 935 sanctus
1637 879 1752 934 Germa-

54 962 177 1014 sauctus
191 958 390 1027 Goericus,rcu
400 959 563 1029 Aquitaniae
575 959 703 1027 ultimus,
714 959 802 1026 justis
819 959 878 1030 pol·
932 973 987 1013 nus
999 959 1171 1016 parisiensis
1184 966 1213 1015 ct
1229 975 1253 1015 a.
1277 965 1328 1018 630
1343 961 1396 1018 sub
1411 963 1574 1033 [legoberto
1586 965 1677 1034 viguit
1688 980 1752 1021 sau·

54 1047 117 1102 lens
128 1046 271 1115 moribus,
284 1061 299 1102 a
311 1047 430 1102 Domino
441 1047 574 1103 caecitate
587 1059 754 1117 percussus,
772 1046 879 1102 revela·
933 1050 999 1101 ctus
1015 1046 1121 1103 Paulus
1136 1048 1326 1105 virdunensis
1346 1051 1436 1105 irater
1450 1051 1521 1120 ejus.
1538 1052 1620 1117 Quod
1656 1053 1692 1123 si,
1719 1058 1752 1110 ut

55 1134 133 1190 tione
149 1133 281 1203 angelica
305 1134 413 1191 blettim
438 1133 577 1202 venit,cui
607 1138 730 1205 praeerat
760 1137 879 1189 sanctus
934 1134 1083 1203 scribitur,
1099 1135 1139 1189 ita
1153 1146 1208 1202 est,
1221 1136 1372 1206 sexaginta
1404 1141 1433 1192 et
1454 1152 1488 1194 eo
1514 1139 1639 1209 amplius
1669 1140 1752 1196 aunis

55 1219 718 1292 druuliuspropinquusejus3etilluminatus
740 1235 755 1276 a
777 1225 879 1276 sancto
935 1222 1004 1276 vixit
1021 1227 1178 1292 postcom.
1195 1224 1258 1278 Nati
1275 1225 1386 1280 suntin
1416 1238 1490 1295 pago
1514 1226 1651 1296 Eduensi,
1688 1227 1753 1284 vico

55 1307 423 1379 Stephanodcmumsancti
431 1309 509 1364 Petri
517 1309 729 1377 construxit,et
750 1312 879 1378 tempore
935 1309 1048 1377 lausia,
1064 1309 1129 1364 etin
1141 1324 1238 1367 manso
1251 1311 1413 1367 nativitatis
1424 1326 1523 1368 eorum
1538 1327 1752 1383 noncanrs,non

56 1396 223 1465 bagobertt
235 1401 337 1452 sancto
350 1395 470 1451 llrnullo
478 1410 604 1451 eremum
613 1399 740 1466 petente,
773 1396 878 1451 ibidem
936 1396 996 1450 avis
1012 1396 1137 1465 praedam
1154 1411 1256 1468 rapere
1273 1398 1489 1470 praevalet,quae
1506 1414 1562 1455 non
1589 1402 1688 1457 statim
1709 1402 1752 1457 in-

57 1483 189 1553 pontiiex
205 1485 386 1551 subrogatus
397 1486 429 1539 l8
447 1484 531 1538 annis
558 1484 686 1553 praeluit,
700 1482 827 1539 decessit
848 1485 880 1537 13
934 1487 1030 1539 teneat
1046 1501 1053 1550 ;
1069 1485 1144 1553 quod
1159 1486 1360 1555 experimento
1374 1489 1528 1556 probatum
1541 1492 1598 1543 est.
1610 1487 1755 1554 Quiiocus

56 1569 356 1635 lialcndasOctobris‚
366 1569 500 1640 sepultus
511 1571 678 1626 incoennbio
691 1570 784 1626 sancti
803 1570 881 1639 Sym·
937 1584 1028 1640 usquc
1040 1570 1125 1626 bodie
1140 1571 1440 1629 ecclesiolamretinet
1454 1575 1687 1632 sanotiGcrmani
1706 1589 1755 1633 no·

57 1657 191 1727 phoriani
221 1659 306 1729 (viic
317 1658 393 1728 topi
402 1659 485 1728 Son).
503 1660 641 1728 Tempore
659 1657 829 1714 Theoderici
849 1659 879 1711 et
896 1689 922 1747 B
937 1657 1011 1712 mine
1028 1662 1056 1713 et
1072 1660 1210 1714 virtutem
1227 1659 1379 1729 insignem.

59 1743 254 1801 brunichildis
265 1744 882 1816 sanctustupussononensisviguit,nepos
973 1744 1118 1815 [Bessan]
1131 1746 1221 1815 liujus
1237 1749 1391 1817 bagobcrti
1407 1753 1540 1819 tempore
1554 1753 1619 1820 post
1640 1750 1757 1806 Ermen-

61 1833 188 1890 lusterii
205 1833 425 1891 Aurelianensis
437 1838 466 1888 et
483 1833 602 1890 bunarii
614 1831 882 1889 Autissiodorensis
937 1832 1041 1888 lridum
1055 1834 1441 1904 episcopumvirdunensem
1452 1840 1566 1893 tractus
1582 1842 1627 1894 est
1646 1838 1681 1893 de
1697 1852 1756 1893 mo·

60 1920 276 1993 episcoporum.
936 1921 1064 1976 nestorio
1078 1920 1232 1990 lbeolcgio
1249 1928 1369 1978 sanctus
1382 1922 1499 1990 Paulus,
1515 1923 1562 1994 qui
1579 1924 1634 1980 iuit
1665 1925 1756 1981 irater

94 2009 243 2080 [Fasces]
260 2011 342 2066 tuno
359 2009 457 2079 itaque
475 2014 508 2065 lb
523 2007 604 2078 regni
617 2008 673 2078 sui,
691 2008 740 2078 qui
766 2009 830 2062 erat
845 2008 881 2062 ab
936 2007 1029 2064 sancti
1046 2008 1178 2064 Germani
1194 2009 1364 2066 parisiensis
1380 2009 1513 2066 ecclesiae
1524 2011 1665 2083 episcopi,
1684 2012 1754 2068 etin

61 2099 114 2152 inc.
132 2098 212 2154 [lom.
221 2096 593 2165 dlb‚lbeoderiousvolens
601 2110 690 2167 super
703 2095 881 2151 Clotbarium
936 2095 1110 2151 virdunensi
1123 2094 1248 2152 ecclesia
1263 2097 1420 2169 episcopus
1442 2103 1653 2166 consecratus3
1669 2098 1752 2168 cujus

62 2187 184 2249 irruere,
196 2184 295 2240 ilettis
307 2184 698 2256 profluvioventrisinteriit.
721 2181 883 2240 Bruniclril·
937 2183 1074 2239 memoria
1088 2188 1196 2240 aetema
1210 2185 1326 2241 cst.Hic
1341 2186 1529 2242 monasticam
1540 2186 1628 2242 vitam
1640 2185 1751 2244 ducens

62 2273 104 2328 dis
116 2271 301 2342 sigebertum
318 2271 408 2328 illium
423 2270 597 2341 ejusinlooo
608 2272 701 2342 patris
716 2269 879 2328 substituit.
935 2284 1000 2325 cum
1017 2271 1045 2325 in
1060 2271 1186 2341 pistrino
1200 2272 1322 2327 fratrum
1337 2272 1487 2329 habuisset
1505 2273 1755 2340 obedientiam,et

62 2360 226 2417 Clctbarius
240 2372 311 2415 vero
327 2359 399 2416 lines
414 2360 495 2428 regni
510 2359 559 2429 qui
583 2375 641 2416 suae
658 2359 761 2414 ditioni
797 2358 882 2414 dene·
936 2356 1053 2413 timeret
1068 2372 1103 2414 ne
1119 2359 1188 2415 bora
1200 2364 1310 2415 statuta
1327 2359 1432 2416 iratres
1447 2375 1551 2431 panem
1579 2361 1688 2416 babere
1705 2377 1754 2432 po·

62 2449 167 2504 bantur
182 2452 306 2505 conatur
322 2447 465 2518 recipere,
481 2447 528 2503 cui
544 2447 715 2515 sigebertus
739 2446 880 2516 occurrit,
937 2445 1073 2514 tuissent,
1087 2447 1181 2516 ejecto
1192 2446 1749 2519 ignedeclibanoipseintusingressus,

64 2534 881 2606 qnemclothariussuorumproditionecaptumperemit,
937 2546 1002 2588 cum
1016 2532 1130 2589 cuculla
1148 2547 1196 2588 sua
1213 2533 1358 2590 clibanum
1375 2535 1518 2605 purgavit,
1534 2541 1564 2591 et
1579 2549 1681 2606 panem
1693 2534 1755 2592 illic

63 2628 89 2676 et
106 2624 235 2693 quinque
247 2623 354 2679 iratres
365 2622 428 2693 ejus
438 2637 503 2678 cum
516 2621 702 2678 Brunicbilde
714 2622 884 2693 capitena-
938 2619 974 2675 ad
987 2618 1169 2689 coquendum
1183 2620 1338 2689 ordinavit,
1355 2635 1501 2692 sanusque
1516 2623 1595 2678 ioras
1616 2636 1755 2692 egressus

66 2725 110 2766 ros
124 2702 283 2782 separatim
301 2710 434 2783 peremit,
451 2710 665 2767 Brunicbildem
675 2708 882 2765 indomitorum
938 2720 1040 2779 panem
1052 2711 1181 2763 sanctum
1196 2708 1337 2764 iratribus
1349 2709 1376 2764 in
1387 2710 1681 2782 relectoriotempore
1699 2715 1758 2767 sta-

65 2813 202 2868 equorum
218 2797 320 2854 caudis
336 2798 480 2854 irretitam
494 2797 652 2855 miserabili
665 2802 758 2853 morte
769 2797 883 2852 damna·
938 2797 1003 2852 tuto
1019 2794 1180 2851 distribuit.
1198 2795 1266 2851 Cum
1281 2810 1351 2866 ergo
1365 2802 1444 2853 esset
1466 2797 1623 2869 episcopus
1638 2797 1754 2854 ordina-

67 2886 106 2940 rit
120 2900 195 2943 anuo
211 2887 249 2942 ab
265 2887 320 2942 inc.
350 2887 431 2955 Dum,
459 2889 521 2955 bit,
547 2900 611 2955 quae
639 2890 669 2941 et
697 2884 812 2956 sepulta
839 2887 883 2940 cst
938 2882 1691 2955 tus,neposltagobertiregisGrimodiaconus,qui
1726 2891 1757 2941 et

68 2973 162 3032 Eduae,
940 2970 1094 3038 ddelgisus
1108 2968 1205 3025 dictus
1221 2976 1343 3039 est,cum
1355 2971 1457 3028 inisset
1475 2973 1702 3028 asanctoPaulo
1719 2973 1756 3028 ab

102 3061 504 3132 ctotariustriumregnomm
512 3059 841 3117 monarchiamobtinuit
857 3072 884 3114 a.
901 3033 924 3095 G
940 3056 1060 3112 infantia
1076 3063 1244 3112 reverenter
1259 3058 1573 3129 educatus,proamorc
1590 3060 1684 3129 ipsius
1705 3074 1756 3116 an·

67 3153 99 3205 28
113 3149 194 3220 regni
212 3149 505 3219 sui‚sicutctbeatus
521 3149 716 3205 columbanus
743 3147 885 3218 praedixe·
941 3144 1137 3201 tistitissuam
1153 3145 1373 3215 proprietatem,
1390 3145 1474 3202 idest
1495 3145 1680 3216 Tnoolegium
1701 3160 1759 3204 mc·

68 3243 120 3307 rat,
136 3242 201 3294 eta.
213 3237 392 3308 assreguisui
403 3238 599 3306 dagobertum
612 3236 702 3292 filium
719 3240 885 3292 consortem
941 3233 1110 3298 casterium,
1129 3238 1238 3288 sanctas
1249 3233 1344 3289 Mariae
1359 3233 1385 3288 in
1411 3233 1538 3289 virduno
1563 3248 1617 3290 suo
1643 3227 1755 3305 scripto

67 3326 145 3396 regni
161 3325 241 3382 iacit.
255 3329 337 3381 Anno
352 3324 559 3393 veroearcgni
575 3323 639 3393 ejus
664 3323 740 3380 iuter
773 3322 887 3378 clotha-
941 3320 1269 3377 etmultorumlldelium
1290 3320 1535 3391 scriptistradidit
1574 3321 1758 3393 roboranter,

68 3413 176 3469 riumet
190 3412 374 3468 illiumsuum
389 3412 487 3482 gravis
502 3416 566 3467 orta
589 3415 632 3468 est
661 3410 821 3476 contentio,
851 3424 886 3465 eo
941 3413 971 3463 et
987 3412 1018 3464 ut
1038 3407 1228 3465 virdunensis
1241 3407 1363 3464 ecclesia
1379 3410 1473 3478 ipsum
1494 3409 1701 3466 monasterium
1731 3410 1761 3466 in

67 3500 323 3570 quodcmtbarius
336 3504 442 3556 cuncta
457 3513 522 3568 quae
538 3498 702 3567 adrcgnum
723 3497 887 3553 austrasio·
943 3496 1292 3565 sempiternumbaberet‚
1316 3497 1392 3551 omni
1417 3497 1593 3553 auctoritate
1622 3497 1758 3554 iirmavit.

68 3603 127 3643 rum
149 3588 347 3659 pertinebant,
377 3587 432 3643 sibi
463 3585 578 3643 volebat
610 3587 748 3640 rotinere.
784 3583 888 3650 Quam·
941 3583 1038 3639 victui
1051 3598 1118 3639 vero
1135 3585 1256 3639 fratrum
1268 3584 1365 3639 Grimo
1388 3584 1557 3640 Frasindum
1582 3584 1681 3641 villam
1705 3600 1760 3656 pro

66 3677 165 3732 obrem
181 3675 269 3732 electi
284 3679 351 3732 sunt
368 3674 520 3732 duodecim
530 3673 690 3743 iudicesex
709 3672 838 3741 Francis,
847 3671 888 3726 iu·
943 3685 991 3727 sua
1004 3671 1113 3742 pietate
1124 3670 1615 3740 delegavitsanctusctiamPaulus
1636 3671 1757 3729 Basonis

68 3770 112 3819 ter
127 3777 203 3834 quos
219 3763 273 3819 luit
290 3767 411 3820 sanctus
427 3761 566 3818 Arnullus
577 3760 761 3817 Mettensiurn
776 3760 888 3830 episco·
942 3757 1046 3814 villare
1062 3758 1096 3814 de
1109 3759 1172 3815 suis
1187 3757 1351 3815 redditibus
1363 3760 1551 3830 comparavit.
1570 3758 1760 3828 Privilegium

67 3866 257 3922 pascuorum
273 3850 398 3907 consilio
409 3847 822 3920 paterpaciiloaturcumiilio.
839 3849 889 3902 Su·
943 3848 1112 3903 canonicum
1128 3846 1221 3917 ipsius
1236 3846 1369 3902 ecclesiae
1383 3845 1418 3901 de
1438 3845 1652 3917 antiquioribus
1682 3846 1761 3903 villis

70 3940 177 4010 periori
193 3953 264 3996 vero
280 3952 364 4007 anno,
381 3952 445 3994 cum
458 3939 515 4008 jam
528 3936 709 4006 [tagobertus
725 3935 890 3991 austrasio·
945 3933 1024 4002 lecit,
1036 3939 1064 3989 et
1075 3947 1126 3989 sua
1144 3934 1323 4003 aliorumque
1346 3934 1548 4005 episcoporum
1581 3935 1760 3991 auctoritate

70 4041 132 4084 rurn
144 4031 397 4097 rcguumstreuue
418 4028 544 4094 regeret,
557 4023 673 4094 quidam
687 4023 742 4091 vir,
775 4022 890 4078 nominc
945 4022 1039 4092 ipsum
1054 4020 1216 4076 subdivina
1248 4021 1438 4077 attestatione
1461 4022 1621 4078 roboravit.
1652 4021 1703 4078 ilic
1733 4021 1762 4077 in

70 4115 234 4171 llaroaldus
247 4110 891 4186 (t7),ejusoffensamincurrit,proquointer-
944 4108 1113 4179 episcopatu
1129 4107 1252 4177 positus,
1262 4106 1352 4162 multa
1366 4107 1503 4164 miracula
1511 4112 1713 4179 operatusest,
1730 4112 1760 4164 ct

71 4216 206 4260 cessores
220 4202 291 4258 lacti
306 4205 376 4258 suut
390 4200 524 4257 dominus
535 4199 674 4256 Arnullus
689 4203 718 4253 et
751 4197 890 4267 Pippinus
945 4200 1013 4268 post
1026 4209 1108 4251 suum
1124 4207 1275 4249 excessum
1292 4195 1405 4264 positus
1417 4194 1444 4248 in
1462 4195 1580 4250 basilica
1598 4195 1692 4251 sancti
1709 4195 1757 4252 So·

72 4290 164 4360 major
180 4290 293 4359 domus,
311 4287 435 4345 sednon
451 4287 621 4356 multopost
644 4284 777 4342 Treveris
799 4285 891 4340 iuter·
945 4282 1203 4351 turnini,omnibus
1217 4296 1282 4336 curn
1295 4280 1643 4353 ddcposceutibusmulta
1655 4283 1762 4340 sanita-

71 4378 166 4433 sectus
181 4382 236 4433 eat.
905 4371 1006 4432 Dtum
1024 4369 1161 4426 beneficia
1178 4368 1300 4438 largitus
1315 4370 1605 4440 estcaecosnamque
1617 4370 1761 4429 illumina·

106 4466 189 4522 Auno
204 4468 257 4521 630
272 4462 418 4521 clotarius
433 4463 568 4533 moritur,
583 4465 614 4518 ct
627 4461 808 4532 Dagobertns
833 4474 893 4516 mo·
946 4457 1100 4526 vit,surdis
1114 4457 1244 4512 auditum
1257 4456 1458 4526 dedit‚oiausis
1472 4472 1607 4528 gressum
1623 4459 1761 4531 praebuit,

72 4551 524 4609 marchiamobtinuita.ltt.ilio
548 4554 631 4622 patre
661 4548 790 4618 orbatus,
821 4551 893 4603 dus·
947 4544 1204 4616 aegrotosavariis
1220 4544 1440 4601 infirmitatibus
1471 4545 1617 4604 liberavit.
1635 4547 1668 4602 Et
1694 4546 1764 4618 quid

72 4640 254 4711 trasiisquos
265 4628 397 4710 regebat,
410 4638 494 4707 jubet
512 4638 672 4696 exercitum
710 4647 891 4708 promovere,
948 4633 1031 4705 plura
1042 4634 1053 4687 t
1064 4630 1224 4688 Ecclesiam
1235 4632 1291 4688 sibi
1306 4634 1486 4689 commissam
1498 4634 1764 4706 rebustcmporali·

73 4727 181 4785 missos
194 4726 324 4797 dirigens
335 4726 364 4782 in
381 4726 594 4796 burgundiam
604 4725 720 4782 caeteris
732 4723 812 4793 regni
829 4737 894 4792 par·
949 4722 1003 4778 bus
1015 4719 1158 4789 dilatavit,
1175 4720 1315 4776 bonorum
1327 4733 1446 4791 operum
1459 4721 1580 4778 [loribus
1600 4721 1762 4791 adornavit,

72 4815 165 4887 tibus,
183 4820 214 4872 ut
228 4815 349 4872 insuum
361 4827 481 4885 regnum
491 4813 644 4883 eligerent.
656 4815 783 4881 cumque
796 4809 894 4865 llemis
947 4815 977 4864 et
985 4808 1122 4864 Dominus
1133 4807 1450 4876 omnipotensanimam
1461 4809 1524 4878 ejus
1536 4823 1601 4865 cum
1618 4808 1765 4865 sanctisin

72 4903 214 4973 venisset,
222 4915 324 4959 omues
335 4915 365 4958 se
376 4902 402 4958 ei
419 4901 612 4958 tradiderunt.
637 4899 792 4956 aribertus
804 4897 894 4953 irater
948 4900 1057 4951 aeterna
1069 4894 1160 4964 gloria
1173 4895 1301 4963 gaudere
1312 4894 1390 4951 iacit.
1402 4895 1659 4965 Requievitautem
1667 4908 1765 4952 mense

71 4991 136 5062 eius
150 4990 301 5047 nitebatur
314 5003 347 5045 se
364 5002 450 5060 posse
463 5002 582 5058 regnum
597 5000 754 5043 assumere:
772 4984 895 5055 sodejus
948 4983 1117 5050 Februario,
1149 4981 1194 5037 dic
1219 4985 1245 5037 9.
1276 4983 1344 5038 Post
1368 4984 1443 5038 bunc
1463 4983 1560 5038 extitit
1600 4982 1766 5041 Gisloaldus

72 5072 892 5150 voluutasprosinrplicitateparumsortitaesteiiectum.
949 5070 1113 5143 episcopus,
1130 5069 1308 5125 Gerebertus
1322 5067 1367 5125 221.

71 5166 258 5239 dagobertus
273 5178 344 5223 vero
361 5162 748 5231 cnmobtinuissetregnum,
770 5158 895 5231 sapienti
987 5157 1134 5230 [Furore]
1150 5157 1333 5227 tagobertus
1361 5155 1452 5226 igitur
1476 5170 1550 5215 anno
1581 5161 1662 5231 regni
1690 5161 1766 5224 suit

750 5255 869 5314 VARIAE
888 5253 1087 5313 merlonus,

106 5333 143 5370 ²¹¹
160 5332 231 5401 aad
242 5330 442 5408 reperiantur·
455 5330 567 5390 circac
581 5328 659 5389 rant.

109 5475 168 5552 (47)
184 5475 260 5549 Lege
276 5469 493 5537 Gtrodccidttt.
509 5469 593 5534 irad·
606 5471 688 5549 aaa.

865 5350 977 5455 sore.
