3788 6000
137 110 192 182 mr

615 113 799 182 HUGONIS
820 108 998 178 ABBATIS
1018 106 1360 177 etnvnuacsusm

1780 107 1839 176 252

137 255 221 315 rebat
233 250 806 329 memorie,numquamitasepositusvel
816 251 956 326 abjectus,
973 250 1001 312 Α
1016 247 1299 308 ιιιεοιιεειιιειιιιιιιιι
1309 241 1546 307 inductusluerit
1556 241 1711 320 petelocit3
1722 256 1840 322 sempor

137 350 171 404 ut
186 346 215 404 in
233 346 425 418 ignorantiam
449 349 626 404 verteretur.
653 344 800 417 Quidquid
818 359 888 402 vero
904 344 959 399 fre-

139 450 231 507 quens
241 436 380 506 cogitatio
392 439 510 493 exercet
520 440 549 492 et
558 441 688 504 renovat,
700 450 844 506 nunquam
856 447 960 489 memo·

139 526 190 584 rim
203 527 388 592 subducitur,
406 541 469 597 quae
488 525 575 583 nichil
594 526 689 597 perdit
701 526 754 580 nisi
768 524 803 580 ud
816 525 892 596 quod
903 538 959 578 nou

139 629 208 687 sepe
220 616 357 687 respexit.
376 615 525 686 Reliquias
541 630 610 684 crgo
623 613 893 670 iherosolimitanus
908 629 959 670 seu

140 704 343 774 undecumque
353 704 494 774 quesitas,
506 703 610 773 quibus
620 704 921 774 onustusadvenerat,
932 704 960 759 lu

141 792 306 846 sanctuario
319 795 401 862 pater
413 789 573 846 llicbardus
585 791 729 860 deposuit,
740 795 768 846 ct
780 791 822 848 sic
834 782 960 847 lectione

140 880 300 951 praemissa,
315 880 459 952 susceptis
470 886 499 935 ct
511 877 692 936 deosculatis
706 880 856 950 fratribus,
869 881 960 937 vicem

141 971 290 1027 beneflciis
307 969 452 1042 rependit,
474 970 605 1039 gaudens
620 985 684 1025 cum
700 969 906 1039 gaudentibus,
932 974 961 1024 et

139 1057 962 1129 gratiasagcusquodcorumorationibusmunituslabo-

139 1162 187 1204 res
199 1147 309 1203 viarum
322 1162 445 1204 securus
462 1147 691 1217 percucurrerit,
710 1147 803 1202 libens
818 1148 963 1203 tolerave-

139 1235 187 1306 rit,
206 1236 281 1307 quod
298 1236 498 1306 gratissimum
519 1237 562 1291 est
579 1234 699 1291 cuilibet
720 1251 891 1292 enumerare
912 1237 960 1293 ubi

137 1325 273 1382 evaserit.
288 1326 444 1395 Postquam
453 1323 542 1394 igitur
552 1324 700 1380 dilectioni
709 1325 891 1382 satisfactum
903 1332 959 1398 cst,

138 1412 963 1484 etprosperautrimquercplicata,quiaintalibusadvcr-

139 1501 179 1558 sis
195 1501 357 1558 referendis
369 1501 393 1557 si
406 1517 460 1572 (qua
473 1506 550 1569 suut,
565 1502 626 1558 dies
637 1507 806 1559 reservatur
821 1504 960 1573 crastiua,

1015 343 1109 396 tamen
1122 354 1152 397 εε
1163 354 1288 409 errasse,
1302 353 1333 395 se
1349 336 1507 409 deliquisse
1522 338 1674 395 confessus
1690 342 1745 395 est.
1765 338 1842 396 Ade-

1015 432 1080 484 rant
1093 433 1120 486 ct
1133 428 1264 497 comites,
1280 428 1357 484 inter
1373 443 1446 499 quos
1460 430 1523 483 crat
1540 426 1762 485 archidiaconus
1773 427 1841 485 mis·

1016 517 1266 588 susabepiseopc,
1278 530 1401 587 poscens
1412 520 1522 586 patrem
1533 513 1839 586 piissimumuterrori

1016 605 1110 663 locum
1122 606 1206 662 daret
1215 606 1317 675 venire,
1328 610 1356 660 et
1370 604 1447 675 qnod
1458 607 1553 661 aetum
1563 607 1626 659 crat
1638 618 1752 676 prosuo
1761 620 1840 662 amo-

1015 710 1047 751 re
1059 700 1152 752 ratum
1165 695 1275 751 sineret
1287 709 1352 750 esse
1363 699 1391 749 et
1404 692 1518 750 stabile.
1533 691 1604 762 (l'ol.
1616 696 1673 765 89.)
1686 695 1722 750 lt
1732 694 1779 750 vir
1789 694 1843 751 mi-

1016 784 1146 840 tissimus
1163 796 1252 855 pauca
1273 797 1338 840 cum
1359 781 1483 838 consilio
1499 780 1640 853 loquutus
1658 800 1665 836 ι
1681 782 1840 853 Petitieai,

1016 872 1120 943 inquit,
1131 872 1229 929 comui
1239 872 1366 943 episcopi
1376 870 1568 941 adquiescere
1578 870 1775 943 toooristcmu
1784 873 1839 942 eat,

1017 958 1842 1041 etsratremqutputltcepeccaeitpudltecsatisfactione

1016 1051 1164 1121 corripere
1171 1049 1275 1106 beclem
1282 1050 1332 1106 est.
1344 1048 1564 1118 Haecloquutus,
1577 1049 1696 1105 fratrem
1704 1048 1841 1107 ultimum

1018 1139 1045 1194 in
1057 1138 1181 1209 collegio
1193 1140 1314 1194 fratrum
1331 1137 1446 1192 interim
1461 1136 1563 1192 sedere
1579 1137 1730 1209 praecepit,
1744 1139 1840 1209 quoad

1018 1242 1110 1298 usquc
1123 1231 1263 1284 tractaret
1272 1224 1602 1297 incapitulodebisquae
1613 1225 1771 1283 mandabat
1781 1227 1843 1299 epi-

1018 1330 1135 1386 scopus,
1147 1320 1176 1370 et
1188 1313 1310 1370 consilio
1325 1312 1452 1382 generali
1470 1311 1538 1384 quid
1555 1317 1634 1370 esset
1644 1311 1789 1383 agendum
1801 1311 1844 1369 di·

1017 1406 1166 1475 sponeret.
1181 1402 1330 1458 Abscessit
1343 1403 1433 1457 frater
1445 1417 1460 1458 a
1471 1402 1681 1473 conspectibus
1695 1401 1800 1474 patris,
1812 1408 1842 1460 et

1018 1509 1084 1549 cuin
1096 1497 1175 1547 tanta
1186 1491 1294 1546 virtute
1307 1490 1592 1561 patientiaejubeutis
1601 1490 1744 1548 oboedivit
1754 1490 1845 1565 impe·

138 1591 173 1646 act
199 1590 439 1647 refocillationem
465 1591 578 1661 fatigati
604 1593 737 1664 corporis
762 1597 879 1649 ventum
901 1600 961 1660 est;
976 1608 1005 1671 Β
1020 1583 1072 1652 rio,
1085 1581 1229 1651 talemque
1242 1595 1273 1635 sc
1284 1579 1395 1636 exibuit
1407 1580 1434 1634 in
1447 1579 1631 1649 oboediendo,
1643 1584 1673 1636 ιιι
1684 1580 1844 1638 miraretur

139 1679 216 1749 quod
233 1679 402 1748 elabendo,
421 1681 460 1735 ita
476 1685 573 1736 tafften
591 1685 621 1736 ul
638 1682 785 1737 honestati
803 1683 960 1751 sufficeret,
1021 1672 1068 1743 qtli
1081 1668 1573 1739 vidisset.Vigiliaefatfestivitatis
1585 1667 1842 1740 sanctivilol·l‚fld

30 1768 33 1773 '
140 1771 328 1839 procuratum
349 1771 402 1823 est.
426 1768 536 1823 Exinde
558 1768 736 1824 venerabilis
755 1772 839 1840 pater
855 1769 882 1826 in
899 1770 964 1825 red-
1021 1775 1106 1831 utram
1118 1758 1251 1815 certatim
1265 1757 1604 1827 numqueconuuxemnt
1617 1756 1845 1831 nobilesetspe·

140 1855 232 1911 deivida
244 1856 451 1913 licrrcllciorum
464 1857 528 1912 vice
540 1856 715 1927 aecingitur,
729 1858 849 1929 primam
861 1873 963 1915 corum
1022 1847 1093 1904 clati
1110 1846 1163 1902 lili
1179 1846 1344 1916 lulssllsslilffl
1365 1845 1573 1917 lll⁰¹¹llS⁰l¹¹¹¹¹b
1590 1848 1618 1903 θῑ
1635 1846 1663 1901 ῑῦ
1685 1849 1842 1917 lllaeflentia

139 1946 309 2018 pensionem
324 1947 451 2016 solitae,
465 1946 540 2017 quod
557 1951 640 2016 grate
653 1947 763 2002 adeum
776 1948 963 2018 pervererlut
1021 1937 1239 2008 cpiscoporum,
1257 1935 1405 2004 abbatum,
1422 1935 1640 2004 ¹¹¹⁰¹¹³0h0l1¹ffl2
1654 1934 1842 2006 ⁰10l100f¹¹⁰¹2

139 2025 240 2081 effusis
251 2026 594 2095 aflectilmsjudicare‚ct
605 2026 657 2081 boc
669 2026 776 2096 ubique
786 2027 899 2082 testari.
914 2029 964 2083 Ce·
1022 2025 1162 2082 nobilium
1183 2028 1214 2079 ct
1230 2023 1399 2092 ignobilium
1413 2023 1536 2080 ultimus
1549 2023 1676 2080 omnium
1692 2024 1770 2080 sedit
1785 2024 1845 2080 Ste-

141 2114 183 2185 pit
199 2115 287 2182 euim,
304 2115 384 2185 qnasi
401 2113 489 2171 uicbil
506 2120 603 2170 actum
620 2113 733 2185 fuisset,
751 2116 900 2171 beneficiis
915 2117 963 2172 ad·
1023 2114 1136 2185 pbauus
1149 2126 1213 2169 curn
1231 2112 1304 2166 buua
1321 2111 1460 2182 patientia
1473 2117 1502 2167 et
1513 2112 1613 2168 vultus
1628 2111 1693 2182 eius
1704 2126 1761 2169 nou
1774 2116 1842 2169 sunt

141 2201 210 2258 dere
228 2202 378 2272 beneficia,
402 2203 500 2258 rimari
517 2201 698 2272 singulorum
713 2204 915 2274 necessitates,
933 2210 963 2260 et
1023 2202 1128 2258 mutati
1141 2201 1168 2255 iu
1181 2200 1298 2256 diversa
1310 2201 1339 2271 (I
1345 2200 1508 2271 Remum).
1522 2199 1715 2266 Quamobrem
1727 2200 1764 2257 ad
1775 2215 1845 2257 exo·

141 2305 197 2363 cpe
212 2305 262 2347 eas
279 2290 386 2360 levare,
406 2295 435 2347 ιιι
454 2291 551 2347 cuncti
569 2296 763 2361 agnoscerent
778 2296 891 2364 patrem
908 2293 961 2349 sibi
1023 2288 1145 2346 randum
1170 2293 1281 2360 patrem
1294 2287 1469 2344 bichardum
1482 2303 1534 2359 pro
1545 2288 1639 2359 ipsius
1654 2287 1844 2346 restitutione

140 2379 304 2449 advenisse,
317 2382 345 2434 et
360 2378 532 2449 plenitudini
547 2379 645 2449 gaudii
660 2395 758 2437 eorum
776 2380 813 2436 nil
831 2381 896 2437 dcet
905 2385 960 2438 set.
1021 2377 1309 2448 omnesquiaderant
1319 2376 1469 2433 unanimes
1477 2375 1843 2449 reddiditejusbumilitas.

140 2466 163 2522 0
178 2467 273 2523 virum
294 2467 370 2522 omni
387 2466 482 2523 laudis
498 2468 645 2538 preconio
660 2468 859 2538 dignumllqui
874 2469 961 2527 etiam
1021 2468 1050 2523 ln
1061 2467 1190 2523 crastino
1198 2479 1296 2522 ceram
1306 2464 1440 2522 omuibus
1450 2465 1565 2537 culpam
1578 2467 1743 2536 professas,
1753 2466 1844 2523 errati

142 2569 297 2625 puerorum
314 2554 392 2611 lecta
408 2569 460 2626 per
475 2569 507 2611 se
521 2555 675 2626 circuibat,
689 2560 720 2613 ιιι
732 2555 845 2613 videret
857 2557 960 2628 siquid
1021 2555 1222 2611 remissionem
1250 2553 1387 2625 optinuit,
1417 2554 1541 2624 gratiam
1566 2554 1727 2626 reportavit
1752 2559 1783 2611 et
1807 2554 1843 2612 rle

140 2645 218 2699 esset
231 2641 406 2712 addendum,
419 2643 442 2698 si
455 2643 524 2714 quid
537 2643 962 2715 innovandum,siquidmelio-
1021 2644 1124 2701 ultimo
1145 2648 1297 2714 promotus
1317 2645 1361 2698 est
1383 2642 1411 2697 in
1432 2643 1613 2714 superiorem
1634 2645 1756 2714 statum,
1776 2659 1842 2700 cuin

141 2730 275 2800 randum,
298 2734 329 2787 ιιι
347 2731 435 2787 etiam
460 2746 512 2801 per
536 2731 591 2788 boc
617 2736 757 2804 paternus
771 2733 834 2804 ejus
849 2733 961 2791 animus
1021 2733 1115 2803 gratia
1125 2730 1417 2804 patrissuipraelatus
1429 2731 1569 2788 custodie
1580 2731 1679 2802 gregis
1690 2732 1841 2802 bomiuicl,

139 2824 362 2892 agnosceretur,
370 2819 505 2876 etdcbita
518 2821 959 2894 pietascunctisinpenderetur.
1020 2825 1049 2878 et
1058 2821 1116 2891 iam
1128 2821 1164 2877 ad
1176 2821 1289 2889 missas,
1302 2823 1334 2877 ιιι
1347 2820 1480 2876 abbatem
1496 2819 1592 2890 decet,
1608 2820 1770 2877 honoratus
1784 2824 1841 2892 est,

142 2907 281 2965 studebat
303 2907 330 2963 id
348 2909 482 2966 omuibus
496 2923 632 2966 resecare
652 2909 733 2980 vitia,
760 2925 856 2967 mores
872 2911 962 2968 corri-
1022 2910 1069 2982 qui
1082 2910 1117 2966 de
1127 2909 1312 2980 correptione
1328 2907 1407 2964 illata
1425 2908 1581 2978 injuriatus
1597 2923 1653 2965 non
1667 2914 1723 2966 est.
1736 2909 1842 2967 Verum

137 3009 218 3066 gere,
234 3001 264 3052 ut
277 3000 376 3068 posset
395 2997 538 3069 plantaria
554 2999 695 3055 virtutum
713 2998 853 3056 inserere.
988 3002 1002 3026 ·’
1020 2998 1246 3056 archidiaconus
1262 2998 1439 3068 leodiensis,
1452 2997 1519 3069 quia
1531 2997 1637 3054 domini
1649 2998 1693 3056 sui
1706 3002 1738 3056 ut
1749 2997 1843 3057 voluit

174 3076 220 3141 aa:
237 3087 294 3141 Nee
308 3085 451 3142 silendum
464 3086 532 3157 quid
545 3085 580 3142 dc
591 3086 748 3158 Stephano,
765 3102 850 3158 quern
866 3102 962 3144 coeno·
1020 3088 1047 3144 in
1063 3087 1198 3143 omnibns
1213 3092 1357 3158 exequuta
1373 3085 1510 3143 voluutas
1526 3091 1652 3158 nonest,
1670 3086 1789 3145 rediens
1805 3086 1842 3144 ed

140 3170 188 3228 bio
203 3173 296 3229 sancti
313 3173 460 3229 Laurentii
477 3172 628 3244 praelatum
645 3173 783 3244 diximus,
800 3179 896 3232 actum
911 3177 959 3232 sit.
1019 3175 1174 3246 illum,uon
1185 3178 1282 3231 tamcu
1294 3190 1359 3231 euru
1371 3175 1476 3231 abbate
1488 3174 1741 3247 Stephauo‚testis
1753 3174 1841 3232 fallax

141 3263 210 3318 Cum
227 3260 302 3317 enim
323 3264 401 3317 esset
424 3261 499 3317 idem
522 3264 685 3320 communis
701 3268 802 3334 pastor
818 3272 919 3321 nosen
935 3265 963 3320 in
1019 3265 1115 3321 factus
1129 3268 1189 3332 est;
1206 3264 1255 3335 qui
1267 3278 1327 3319 rem
1339 3266 1452 3334 gestam
1464 3279 1520 3320 nou
1534 3267 1565 3320 ιιι
1576 3267 1660 3334 gesta
1671 3267 1728 3336 est,
1741 3278 1796 3322 nee
1808 3278 1843 3320 eo

141 3349 328 3420 expeditione
349 3349 613 3421 lherosolimitaua,
630 3355 660 3407 et
676 3367 729 3424 per
745 3367 849 3410 annum
870 3353 963 3410 conti·
1019 3352 1114 3409 animo
1125 3356 1274 3423 quogcsta
1284 3355 1341 3421 est,
1353 3349 1493 3407 retulisse
1503 3352 1711 3422 comprobatos
1722 3355 1777 3408 est.
1787 3350 1842 3418 Qui

140 3453 228 3494 nuum
245 3453 319 3510 pene
336 3445 500 3496 remoratus
515 3439 629 3511 fuisset,
647 3441 900 3513 famaquefuisset
915 3442 964 3498 de·
1018 3445 1244 3512 prorumpentes
1259 3438 1286 3494 in
1303 3453 1334 3495 se
1350 3440 1436 3496 animi
1453 3439 1602 3512 appetitus
1616 3438 1695 3497 nulla
1711 3439 1738 3495 vi
1755 3439 1841 3496 animi

140 3527 271 3584 functum
284 3541 433 3598 comesse,
443 3529 605 3586 boramuus
615 3530 781 3588 leodiensis
792 3533 960 3603 episcenus
1018 3542 1159 3586 coercens
1171 3528 1216 3585 vel
1230 3528 1389 3598 refrenans,
1403 3527 1549 3584 abbatiam
1565 3527 1738 3586 bobiensem
1754 3528 1842 3586 beato

141 3615 190 3686 qui
201 3614 374 3672 Wolbodoni
387 3618 767 3689 successerat,stephanum
779 3619 852 3676 adse
861 3633 963 3677 evoca·
1019 3617 1094 3690 patri
1112 3617 1232 3689 probis,
1249 3631 1314 3687 quae
1329 3631 1415 3673 secus
1432 3631 1517 3688 quam
1534 3616 1679 3673 mandavit
1694 3622 1843 3687 gesserat-

139 3707 214 3773 tum,
224 3706 256 3760 ut
267 3703 332 3760 loco
344 3703 458 3761 abbatis
469 3710 618 3776 praeesset,
627 3705 720 3763 officio
732 3708 851 3778 monuit,
864 3711 892 3764 et
905 3723 963 3764 am·
1019 3705 1151 3775 abstulit,
1162 3709 1190 3761 ct
1202 3706 1336 3762 abbatem
1346 3709 1449 3761 contra
1459 3706 1507 3776 jus
1517 3705 1628 3776 fasque,
1640 3718 1725 3777 qoem
1736 3705 1838 3776 voluit,

141 3791 284 3848 mouendo
296 3792 409 3864 petivit.
420 3792 741 3866 Cuicumvirsimplicis
752 3795 858 3866 ingenii
870 3797 962 3868 patris
1018 3794 1186 3851 substituit.
1204 3795 1239 3849 Αι
1251 3808 1320 3850 vero
1336 3793 1459 3850 domnus
1474 3794 1640 3865 Stephanus
1654 3791 1766 3864 aliquot
1783 3792 1841 3850 die·

141 3879 305 3951 spiritualis
318 3880 515 3952 pretenderet
526 3881 744 3949 oboedientiam,
758 3884 866 3955 absque
878 3885 962 3955 cujus
1018 3883 1073 3939 bus
1088 3882 1209 3939 virduni
1224 3885 1430 3952 commoratus,
1445 3886 1475 3938 ει
1487 3882 1523 3938 de
1536 3882 1726 3954 correptione
1743 3880 1841 3939 melio-

142 3968 287 4040 permissu
299 3972 328 4026 ct
339 3968 491 4026 voluntate
502 3969 573 4026 nulli
582 3971 709 4027 lasessct
722 3971 878 4043 quidquam
889 3988 963 4044 prm·
1017 3975 1100 4028 ratus
1109 3969 1347 4042 est,etquamdiu
1360 3970 1432 4026 vixit
1445 3974 1556 4043 patrem
1567 3970 1841 4042 fratresqueintimo

139 4054 322 4125 sumere,ille
334 4056 487 4130 respondit
498 4058 591 4130 patris
603 4059 738 4116 llicbardi
749 4074 778 4116 se
790 4060 818 4116 in
829 4061 893 4131 ejus
905 4061 963 4118 dis·
1018 4074 1117 4115 amore
1133 4058 1246 4129 dilexit,
1264 4058 1399 4129 filiosque
1415 4073 1485 4115 suos
1497 4058 1525 4114 iu
1536 4057 1640 4116 timore
1654 4060 1713 4116 lieo
1728 4058 1841 4116 servire

139 4159 227 4203 cersn
244 4145 424 4202 voluntatem
439 4147 602 4216 agnovisse,
617 4147 693 4217 quod
709 4163 774 4204 euru
789 4147 854 4205 loco
870 4149 962 4220 praell-
1018 4147 1130 4218 docuit,
1152 4147 1346 4217 omnibusque
1365 4147 1514 4219 exemplar
1533 4145 1685 4218 religionis
1704 4149 1736 4203 et
1756 4145 1841 4204 disci-

141 4246 209 4289 cere
225 4232 384 4303 delegisset
401 4252 407 4287 :
424 4233 508 4303 cnjus
531 4234 597 4303 quia
614 4249 689 4290 nuuc
705 4235 814 4292 obitum
831 4236 960 4295 audisset
1017 4235 1104 4307 pllnae
1124 4234 1233 4291 extitit.
1308 4272 1311 4278 -

140 4320 214 4376 fama
232 4321 383 4391 vulgante,
399 4319 578 4378 decrevisset
596 4325 626 4378 ut
642 4322 766 4380 decebat
780 4324 960 4383 voluntatem
975 4319 1003 4380 D
1053 4322 1124 4393 (Fol.
1141 4322 1195 4395 89')
1211 4326 1254 4380 ab.
1273 4322 1365 4393 igitur
1380 4323 1416 4379 ad
1433 4324 1549 4381 beatum
1566 4324 1737 4396 symeonem
1760 4323 1842 4381 rebe

141 4406 263 4481 inplere.
277 4407 351 4475 Quid
364 4407 464 4465 multis
476 4410 590 4465 morer?
606 4425 775 4481 persuasum
787 4416 831 4470 est
842 4413 960 4486 homini,

142 4500 171 4554 et
189 4496 245 4553 sibi
266 4495 362 4553 minus
380 4510 496 4568 caveus,
517 4498 649 4569 suscepit
672 4499 869 4570 praelationem
895 4501 960 4573 loci,

139 4588 334 4642 consecratus
344 4584 380 4640 ad
391 4584 516 4641 otllcium
528 4585 652 4643 abbatis.
665 4588 725 4643 Nou
737 4589 829 4646 mvlto
841 4595 906 4662 post
918 4591 963 4646 vir

138 4673 188 4730 bei
205 4672 304 4742 rediit,
317 4676 347 4729 et
357 4672 480 4730 audiens
495 4674 572 4744 quod
589 4674 696 4732 factum
711 4691 738 4732 ει
747 4680 786 4748 st,
804 4691 893 4751 super
908 4679 963 4735 lra-

138 4761 195 4820 tris
219 4775 321 4819 errore
346 4759 449 4818 doluit.
468 4761 519 4818 llle
535 4777 649 4834 quoque
666 4769 697 4822 ut
712 4765 823 4821 audivit
850 4773 962 4838 patrem

138 4849 253 4919 adesse,
267 4864 324 4907 uon
338 4853 384 4907 est
397 4864 488 4908 ausus
499 4865 655 4909 occurrere
670 4853 808 4924 venienti,
822 4855 872 4912 scd
885 4856 962 4926 cogi-

139 4936 213 4994 tavit
227 4937 391 5007 prevenire
407 4938 509 4995 faciem
524 4938 588 5010 eius
600 4939 627 4994 in
639 4941 833 5011 confessione,
846 4946 875 4998 et
886 4958 962 5000 suru-

142 5025 202 5096 ptis
218 5025 375 5084 comitibus
391 5026 470 5084 venit
486 5029 523 5086 ad
539 5028 726 5086 festivitatem
743 5031 836 5088 sancti
853 5032 959 5089 Vitoui.

140 5114 177 5169 Αι
189 5111 237 5169 ubi
250 5113 341 5184 veuit,
355 5114 436 5172 solus
451 5117 561 5188 absque
576 5118 734 5175 comitibus
748 5119 909 5177 claustrum
921 5120 962 5176 in·

139 5199 242 5269 travit,
250 5201 399 5259 orationes
411 5202 488 5275 iecit,
501 5205 528 5261 in
541 5204 670 5264 claustro
681 5207 803 5279 sedit,ct
817 5209 899 5280 quasi
911 5209 960 5280 qui

1017 4415 1132 4470 etentes
1142 4411 1308 4482 articulum,
1321 4412 1390 4482 quid
1402 4412 1478 4485 apud
1487 4411 1661 4469 bichardum
1673 4413 1839 4469 Normanire

1017 4499 1177 4573 principem
1197 4500 1301 4570 egerit,
1324 4499 1401 4556 sicut
1416 4500 1443 4555 iu
1465 4499 1591 4556 armario
1611 4500 1840 4571 Rotbomagensi

1016 4589 1194 4660 continetur,
1208 4587 1279 4645 licet
1289 4587 1407 4645 libellus
1418 4587 1617 4659 vitaccjusboe
1628 4587 1725 4660 sileat,
1738 4589 1841 4661 paucis

1017 4677 1206 4750 explicemus.
1223 4677 1266 4733 lld
1281 4676 1356 4733 huuc
1380 4677 1478 4748 itaque
1502 4676 1624 4734 veniens
1646 4690 1712 4735 cum
1737 4677 1838 4747 seclis,

1016 4765 1237 4822 commendatus
1247 4767 1293 4820 est
1304 4763 1419 4821 cuidam
1431 4765 1494 4821 viro
1506 4764 1691 4822 nobilissimo
1702 4764 1841 4822 Gozeliuo

1016 4853 1143 4924 nourine,
1156 4852 1204 4924 qui
1216 4866 1267 4909 cos
1277 4855 1430 4921 gratanter
1446 4853 1577 4927 suscepit
1592 4848 1735 4925 hospicio,
1748 4857 1779 4909 et
1795 4853 1843 4909 be·

1017 4942 1104 5012 nigne
1115 4945 1182 5012 post
1194 4940 1323 4998 laborem
1336 4940 1448 4997 refecit.
1462 4943 1497 4997 ut
1509 4955 1581 4997 vcro
1592 4940 1842 4999 clementissimus

1016 5029 1154 5102 princeps
1168 5028 1331 5087 llicbardus
1342 5028 1467 5087 caritate
1481 5029 1625 5103 profluus,
1637 5028 1843 5088 misericordia

1016 5119 1165 5191 copiosus,
1173 5118 1249 5175 servi
1257 5119 1372 5175 licitam
1382 5118 1487 5192 prolixi
1495 5117 1611 5175 itineris
1619 5122 1716 5177 motus
1728 5116 1840 5191 labore,

1016 5207 1185 5265 necessitati
1197 5220 1347 5265 servorum
1357 5207 1407 5263 boi
1416 5208 1452 5264 de
1462 5210 1560 5264 monte
1573 5206 1646 5278 Syna
1657 5221 1841 5280 compassus,

143 5301 299 5358 numquam
308 5288 462 5348 ordinatus
474 5292 578 5350 fuisset
590 5294 791 5366 praelationem
802 5297 958 5353 abdicavit.
1015 5295 1157 5368 plurimas
1173 5294 1215 5352 cis
1231 5294 1356 5366 largitus
1369 5298 1415 5353 est
1431 5293 1561 5366 divitias,
1575 5309 1648 5367 quas
1661 5295 1843 5353 venerabilis

145 5376 321 5448 conspectui
336 5377 430 5449 patris
449 5386 645 5452 presentatus
665 5383 817 5465 satisfecit,
835 5384 960 5457 qualiter
1016 5385 1137 5456 Symeon
1151 5382 1481 5458 perfratresquisecum
1493 5382 1684 5458 advenerant,
1698 5384 1843 5444 fratribus
1873 5398 1876 5404 ·
