3788 6000
139 142 199 212 815
619 158 804 230 HUGONIS
824 162 1003 230 nasutis
1024 165 1365 241 FLAVINIACENSIS
1785 165 1847 244 818

138 283 313 344 omnibusln
325 287 441 348 cbristo
457 291 609 366 tratribus,
621 297 778 372 episeopis,
792 299 958 371 abbatibus,
974 299 1003 363 A
1022 319 1057 362 na
1074 310 1119 364 est
1144 310 1254 380 syuodo
1283 309 1446 384 depositus.
1478 311 1672 385 responderit,
1695 315 1844 387 quomodo

140 373 530 449 sacerdotibusducibuset
551 383 732 457 principibus
752 391 840 458 atque
864 389 962 446 militi·
1020 398 1081 453 tota
1098 397 1235 470 Spiritum
1252 406 1383 458 sanetum
1401 406 1496 457 tinente
1524 403 1693 476 correipiens
1708 403 1846 462 intonue-

141 460 207 531 hus,
226 464 418 538 omnibusque
431 471 632 530 christianiam
648 476 731 531 tidem
748 482 777 530 et
795 477 871 533 beati
884 479 963 534 Petri
1020 485 1059 540 rit
1074 486 1344 560 subinferaturliol.
1364 488 1453 562 ¹¹⁰'t2

142 547 280 608 honorem
298 569 399 612 revera
416 559 607 631 diligentibus
629 564 655 619 iu
687 567 814 621 ltomnne
842 566 963 637 imperio
1056 576 1244 646 «Gregorius
1270 578 1437 650 episcopus,
1467 594 1571 636 servus
1594 594 1748 638 servorum
1780 583 1843 650 Dei,

146 636 356 714 habitantibus,
372 646 495 704 salutem
511 655 540 704 et
565 652 757 721 apostolicam
787 653 963 711 benedictio·
1021 665 1155 720 ommibus
1169 666 1216 736 quii
1228 666 1541 738 cupinutaunurnerari
1556 669 1631 726 inter
1642 683 1711 726 ores
1722 669 1845 736 Christi,

143 741 216 783 neum
228 730 342 790 Gratias
353 735 663 812 agimusomuipotcnti
691 743 761 813 beo,
786 749 866 800 nete.
895 747 965 814 (Iic-
1020 768 1092 824 qaas
1109 755 1194 823 beato
1209 756 1296 812 Petro
1310 756 1633 827 commisit,salutcmet
1648 757 1844 831 apostolicam

140 813 506 897 calagurrensium.
534 829 572 900 l.)
1020 842 1262 901 benedictionem.
1288 845 1430 916 Audistis,
1454 845 1562 902 tratres
1590 846 1656 917 mei,
1682 862 1786 905 noram
1812 853 1843 905 et

178 905 235 962 llec
247 907 336 979 igitur
353 927 405 984 pro
416 915 655 974 reconciliatione
667 920 782 988 regiset
795 920 917 979 aliorum
928 924 963 978 ab
1019 929 1179 988 inauditam
1194 933 1450 1006 praesumptionem
1463 954 1477 987 u
1489 941 1546 991 etc.
1566 936 1845 1008 (excalceatum

143 995 265 1054 ccclesia
278 997 470 1058 alienatorum
488 1004 736 1077 piuspatcrdabat
750 1010 886 1066 mandata
898 1010 964 1066 lude
1019 1018 1069 1076 lit,
1086 1035 1126 1090 ur,
1142 1036 1171 1076 n,
1186 1021 1223 1092 u).

143 1081 220 1141 libus
238 1104 245 1152 ;
263 1089 308 1143 cui
326 1094 435 1148 turritus
449 1090 484 1125 ⁴⁰¹
497 1093 589 1150 inerat
604 1097 729 1166 justitiae
757 1098 904 1170 splendor,
932 1104 960 1155 ut

143 1186 222 1229 suam
238 1181 429 1248 postponeret
442 1181 575 1255 salutern,
590 1187 960 1255 uuoruatriecclesiaeanti-

143 1274 226 1332 aarum
244 1265 379 1324 redderet
389 1269 564 1328 libertatem.
575 1275 634 1329 Non
647 1275 793 1332 enimcum
807 1278 962 1333 innovabant

142 1349 247 1409 salutis
258 1356 387 1424 pericula
409 1375 460 1430 pre
482 1362 597 1431 lustitia
631 1372 768 1436 suscepta
799 1366 845 1421 vel
872 1368 962 1422 susci-

142 1437 255 1509 pienda.
274 1443 345 1512 (l‘ol.
366 1449 435 1518 llll).
453 1450 577 1504 ltneuim
593 1451 717 1508 animum
730 1469 812 1509 suum
828 1454 962 1511 iulorura·

142 1533 234 1599 verat,
253 1536 283 1586 ut
299 1547 393 1604 neque
409 1536 537 1610 diuitias,
555 1554 649 1611 neque
677 1542 854 1614 uolrrptates,
868 1559 961 1615 ireque

1055 1146 1125 1211 tl'el.
1141 1145 1222 1219 llll’.)
1239 1150 1319 1204 ,turm
1331 1149 1367 1204 ah
1378 1148 1434 1204 inc.
1450 1149 1529 1205 born.
1549 1152 1617 1206 1078
1643 1149 1806 1208 indictione
1821 1158 1844 1209 l.

1018 1236 1206 1307 pontificatus
1222 1237 1285 1307 ejus
1301 1251 1376 1293 arrno
1392 1242 1418 1306 a,
1433 1250 1532 1293 mense
1547 1237 1659 1309 blartio,
1684 1241 1846 1310 Gregorius

1018 1326 1158 1397 papaVll,
1177 1326 1312 1382 horitanae
1335 1322 1446 1396 synodo
1470 1325 1675 1397 cpiscoporum
1705 1331 1846 1385 cencium

1019 1413 1189 1487 presidens,
1202 1413 1276 1470 dixit
1288 1421 1354 1486 post
1367 1413 1482 1485 aliqua:
1498 1415 1707 1474 Ordinationes
1719 1416 1847 1474 illorum

1018 1505 1072 1577 qui
1087 1502 1123 1559 ol
1139 1503 1484 1562 cacommunicotisruut
1502 1503 1645 1574 urdieati,
1670 1506 1845 1562 coacturum

143 1615 267 1675 honores
284 1621 312 1676 in
325 1624 457 1682 maximis
473 1629 676 1700 constitueret,
700 1646 794 1701 ireque
806 1633 833 1687 in
847 1633 891 1688 his
902 1640 962 1689 stu·
977 1655 1003 1714 Β
1019 1592 1306 1705 mwmue'ms
1323 1593 1464 1694 ''ewa‘'
1486 1595 1543 1648 Μ’
1561 1592 1650 1657 Um
1681 1609 1715 1651 m
1735 1593 1846 1666 (ἔνερθ’

143 1704 221 1761 diunr
239 1723 322 1765 suum
338 1728 422 1770 niune
437 1721 613 1789 contereret,
628 1719 696 1790 quin
714 1721 895 1791 poliusillud
912 1721 962 1777 de·
1017 1695 1047 1738 m
1086 1682 1151 1751 Μ’
1169 1681 1567 1754 Acmwwmanffl')

142 1799 854 1888 corumethnnestumitasibipi·oposuc1·at,ut
880 1811 962 1881 ‹prid-
1055 1805 1125 1874 ui'el.
1144 1803 1214 1876 ltti‘)
1233 1805 1541 1876 (.lctaoorectl.t07tl.l
1573 1807 1653 1861 Anno
1684 1807 1719 1862 ab
1750 1806 1846 1862 incar·

144 1880 212 1950 quill
224 1885 249 1939 ei
266 1888 423 1947 :reuiuisset
439 1908 495 1963 quun
508 1895 599 1965 taringi
610 1897 740 1953 homines
755 1897 861 1969 solent,
880 1899 962 1969 euasi
1019 1895 1137 1949 natione
1153 1894 1263 1950 honuni
1282 1898 1359 1961 1078,
1375 1907 1472 1948 meuse
1498 1893 1655 1950 Februario
1683 1893 1846 1952 indictione

145 1975 346 2044 superiornou
362 1980 494 2037 sentiret.
509 1983 658 2041 Sollicitus
674 1987 759 2042 etiam
791 1988 962 2058 erat,juxta
1019 1989 1045 2048 b,
1059 1982 1247 2054 pontificatus
1262 1981 1358 2038 donini
1375 1997 1456 2053 papae
1472 1981 1601 2051 Gregorii
1622 1982 1680 2051 llll,
1707 1997 1784 2038 arrno
1817 1988 1845 2051 G,

145 2062 261 2120 beatum
279 2068 471 2139 Arribrosium,
489 2086 524 2127 ne
541 2073 608 2142 auid
623 2079 734 2132 temere
746 2082 794 2132 aut
815 2077 963 2132 incuriose
1020 2070 1847 2142 convocatmncstconciliumexdirersispartibasorbis

144 2160 255 2226 ageret,
272 2170 376 2227 exque
401 2159 579 2229 prntmbilcm
608 2178 663 2218 num
694 2170 793 2234 posset
823 2165 964 2220 rationem
1021 2164 1049 2216 et
1067 2160 1200 2216 onmibus
1212 2160 1238 2214 in
1252 2157 1377 2215 ccclesia
1394 2158 1557 2214 Salvatotis
1574 2159 1670 2215 R0¹1¹ae
1687 2174 1848 2230 ⁰0¹¹tll'0tlss·

83 2303 85 2306 ,
146 2242 277 2300 reddere.
296 2245 492 2304 pretendebat
507 2251 645 2308 animent
665 2253 757 2308 benus
783 2252 963 2324 speculator,
1024 2249 1069 2318 tis,
1086 2249 1203 2306 habitus
1220 2254 1263 2305 est
1280 2262 1374 2304 scruto
1390 2247 1426 2303 dc
1440 2261 1563 2319 corpore
1576 2252 1604 2303 et
1626 2248 1768 2320 sanguiue
1792 2251 1848 2306 llo·

145 2335 175 2387 ut
192 2333 341 2404 appetitus
352 2336 456 2394 rationi
470 2339 532 2409 lege
560 2345 671 2397 naturae
697 2340 844 2412 subditus,
872 2356 965 2412 neque
1022 2339 1091 2394 nnini
1109 2336 1192 2409 (¹67).
1208 2337 1329 2393 blaxima
1345 2335 1489 2407 siquidem
1506 2350 1574 2408 pars
1586 2349 1689 2408 panem
1703 2339 1732 2394 et
1748 2337 1848 2395 vinum

145 2425 752 2498 precurreretralioaemncuurcdesercret
770 2445 821 2495 ;ne
839 2445 968 2501 precem·
1023 2441 1075 2499 per
1092 2439 1184 2483 sacrae
1196 2425 1338 2482 orationis
1353 2426 1442 2481 verba
1457 2428 1486 2480 et
1502 2424 1664 2481 sacerdotis
1693 2439 1849 2483 eonsecra-

146 2510 235 2567 rcndo
252 2514 422 2582 pertonaret
437 2530 499 2571 cam
517 2521 605 2588 atque
620 2516 801 2586 excluderet,
828 2524 857 2575 ot
885 2520 966 2576 desc·
1023 2516 1131 2573 tionem
1139 2513 1703 2587 Spiritusanetoinvisibilitcroperante
1711 2515 1847 2572 converti

146 2599 236 2654 rende
253 2600 436 2658 destltueret.
454 2604 559 2660 Verum
574 2606 701 2662 llcinrici
723 2607 967 2677 pertubatamens
1023 2604 1259 2663 substantialiter
1275 2605 1302 2659 in
1319 2602 1610 2674 eorpusdominicum
1625 2603 1703 2673 quod
1720 2602 1848 2661 incruce

146 2687 240 2742 ellus-n
257 2689 401 2760 appetitu,
416 2695 561 2763 tamqnam
584 2695 705 2752 etlerato
736 2695 845 2766 impetu
869 2695 966 2752 trenes
1024 2691 1172 2767 pependit,
1186 2697 1214 2748 et
1232 2691 1259 2747 in
1277 2689 1622 2761 sanguinemquidcejus
1636 2691 1731 2747 latere
1750 2690 1846 2759 tinxit,

148 2775 332 2833 rationisnon
344 2779 536 2851 suscipiebat,
545 2784 968 2855 necscutiebnlaurlgaeniode
1024 2783 1197 2841 asserebat:
1216 2779 1332 2852 uiridem
1346 2794 1415 2837 vero
1430 2779 1563 2836 caecitate
1587 2778 1673 2836 nimia
1703 2779 1846 2853 perculsi,

146 2863 268 2935 rumina,
285 2864 409 2938 ideoque
427 2869 565 2926 licetineu
581 2876 706 2943 poterat.
719 2872 967 2944 Necdeerantqui
1024 2872 1145 2943 liguram
1158 2870 1274 2927 tantum
1291 2869 1474 2925 astruebant.
1491 2869 1595 2924 verum
1617 2868 1666 2925 nbi
1691 2882 1740 2926 res
1767 2869 1848 2941 cepit

148 2952 251 3010 missas
267 2970 348 3026 papae
360 2957 500 3028 epistulas
514 2959 859 3032 eirelcrehmrt,sedquae
872 2963 966 3019 lacere
983 3004 1008 3070 C
1024 2964 1080 3032 agi,
1099 2959 1266 3032 priusquam
1280 2956 1548 3014 tertiadieventum
1567 2957 1640 3014 soret
1655 2958 1844 3030 insyuodum.

147 3042 435 3115 despiciebat‚etiam
448 3047 810 3120 seireeontcmpnebal‚ex
827 3050 966 3107 ⁴⁰²verbis
1023 3050 1122 3106 deficit
1137 3053 1240 3105 contra
1257 3047 1411 3103 veritatem
1428 3045 1481 3101 niti
1499 3060 1567 3118 pars
1583 3044 1686 3103 altera.
1716 3045 1848 3117 benique

147 3137 242 3189 tamen
259 3132 378 3204 pictatis
392 3135 588 3194 meditabatur
603 3137 899 3210 renenaiuiouitatis,
917 3142 968 3195 br·
1023 3138 1225 3209 berengarius,
1241 3137 1327 3207 hujus
1349 3135 1460 3190 erroris
1487 3134 1634 3205 magister,
1661 3136 1730 3207 post
1757 3133 1847 3204 lengo

147 3221 278 3291 rogantis
293 3222 368 3278 enim
385 3229 432 3280 est
457 3226 606 3297 proprium
635 3227 669 3282 de
696 3227 757 3283 suis
786 3228 869 3285 ruralis
892 3229 966 3285 bona
1023 3232 1155 3299 tempore
1171 3223 1396 3295 dogmatizatam
1414 3222 1593 3294 impietatem
1609 3235 1728 3279 errasse
1751 3237 1783 3280 se
1799 3237 1849 3279 co·

147 3309 968 3389 cattinarumationisbuuistionasentire,etbonaepon-
1024 3331 1083 3374 rain
1113 3313 1237 3372 concilio
1266 3314 1430 3383 coufessus,
1461 3312 1572 3368 reniam
1604 3311 1781 3384 postulatam
1812 3328 1850 3369 ex

148 3399 334 3455 dusacticnis
350 3406 466 3457 uertere
482 3402 509 3458 in
522 3403 663 3459 nauculam
675 3405 813 3461 criminis.
836 3407 907 3461 Itum
924 3422 968 3462 er·
1024 3402 1347 3479 apostelicaclementia
1360 3401 1476 3470 ureruit,
1489 3399 1659 3471 iuravitque
1685 3400 1727 3457 sio
1744 3419 1750 3455 :
1766 3401 1849 3472 «Ego

147 3503 183 3556 go
199 3501 234 3543 ea
248 3488 495 3547 condescensione
510 3495 539 3547 et
553 3494 755 3564 compassione
764 3495 899 3552 caritatis
912 3510 969 3551 me·
1024 3493 1217 3563 berengarius
1232 3490 1321 3548 corde
1335 3489 1423 3546 credo
1435 3495 1464 3545 et
1480 3503 1532 3547 ore
1559 3489 1713 3558 confiteor,
1746 3502 1849 3561 panem

149 3575 294 3633 ditaretur
310 3591 389 3633 arina
407 3578 521 3649 luroris,
539 3579 689 3637 audiamus
705 3582 849 3652 quomedo
875 3584 969 3654 patris
1023 3586 1052 3641 et
1068 3583 1166 3639 vinum
1183 3596 1246 3652 quae
1263 3580 1291 3634 in
1304 3578 1390 3635 altari
1411 3581 1571 3649 ponuntur,
1598 3590 1649 3648 per
1676 3577 1849 3648 mysterium

149 3663 240 3721 nostri
257 3664 350 3721 virilis
365 3667 488 3738 animus,
506 3669 614 3725 astutia
640 3671 787 3741 serpentis
811 3677 840 3727 et
860 3672 970 3728 colum·
1024 3687 1116 3730 saorae
1130 3669 1272 3727 orationis
1287 3672 1316 3724 et
1332 3668 1423 3723 verba
1438 3665 1532 3722 nostri
1563 3662 1768 3737 Redemptoris
1782 3666 1852 3722 sub

150 3752 216 3808 bina
232 3752 420 3825 simplicitate
436 3756 585 3826 penditus,
604 3756 683 3813 uelut
701 3758 736 3814 de
758 3760 876 3830 specula
891 3776 967 3816 men·
1025 3759 1204 3818 stantialiter
1219 3754 1349 3813 conuerti
1367 3755 1394 3811 iu
1411 3769 1509 3810 veram
1521 3757 1548 3810 et
1567 3753 1756 3825 propriamac
1780 3752 1853 3810 viui·

151 3841 190 3896 tis
205 3841 383 3912 cogitatione
400 3845 518 3916 provida
535 3846 699 3902 obviaverit
724 3849 879 3905 canutibus
905 3849 969 3920 ejus
1026 3847 1185 3906 beatricem
1201 3859 1317 3902 carnem
1333 3849 1363 3899 ct
1379 3841 1548 3913 sanguinem
1561 3839 1850 3898 domiuiuostritesu

150 3929 266 4001 iniquis.
285 3932 333 4007 itit
347 3932 445 4004 itaque
470 3933 603 3990 scribens
619 3933 753 3991 lldelibns
783 3935 892 3994 eisdem
909 3939 971 4010 qui·
1027 3936 1183 4006 Christi,et
1196 3937 1260 4006 post
1275 3931 1525 3988 consecrationem
1542 3943 1608 3986 esse
1626 3945 1725 3987 verum
1742 3943 1853 4002 corpus

151 4018 205 4076 burs
218 4025 246 4076 et
263 4036 351 4091 supra
369 4040 375 4076 ε
1028 4024 1146 4095 Christi,
1164 4022 1240 4094 quod
1255 4025 1354 4078 natum
1371 4018 1447 4075 etde
1467 4018 1594 4089 Virgine:
1627 4023 1656 4075 et
1686 4032 1739 4090 pro
1756 4017 1853 4076 salute

187 4129 200 4160 n
229 4109 387 4181 Gregorius
415 4110 582 4183 opiscopus,
602 4127 706 4170 serens
731 4128 883 4171 seruorum
910 4115 970 4186 bei,
1029 4113 1126 4172 inundi
1143 4113 1272 4168 oblatum
1289 4109 1412 4165 incruce
1424 4105 1575 4179 pependit,
1592 4111 1620 4163 et
1636 4106 1805 4178 quodsedet
1817 4106 1854 4163 ad

149 4196 259 4254 eisdem
275 4198 409 4256 omuibus
423 4199 586 4256 salutemet
619 4201 811 4272 apostolicam
837 4189 973 4261 benedic·
1028 4203 1178 4260 dexteram
1194 4199 1302 4265 ratris
1320 4203 1350 4253 et
1366 4212 1465 4254 verum
1482 4195 1652 4268 sanguinem
1681 4195 1790 4253 Christi
1802 4196 1853 4268 qui

152 4286 270 4343 tionem.
288 4289 445 4359 Postquam
477 4289 654 4345 fraternitati
683 4295 789 4347 restrae
817 4292 972 4364 epistolam
1030 4292 1065 4349 de
1084 4291 1147 4361 eius
1162 4290 1254 4345 latere
1269 4288 1351 4344 tusus
1364 4290 1422 4356 cst,
1437 4298 1494 4342 uon
1506 4287 1620 4341 tantum
1632 4297 1683 4356 per
1696 4283 1813 4355 signum
1824 4289 1855 4342 et

153 4372 389 4445 direximusetc.
407 4376 495 4446 (Vide
509 4377 588 4434 ieter
603 4379 742 4448 epistolas
758 4378 915 4453 Gregorii).
988 4358 1014 4419 D
1030 4381 1168 4437 virtutem
1185 4375 1370 4445 sacramenti,
1386 4374 1436 4431 sed
1454 4374 1481 4430 in
1495 4371 1678 4446 proprietate
1694 4377 1808 4431 natura]
1825 4378 1858 4430 et

190 4463 250 4518 Nou
263 4463 705 4535 raineriseumrcgcmnominari
716 4467 970 4542 licetdepesitum,
1030 4470 1143 4527 unitate
1156 4464 1339 4534 substantia,
1357 4463 1435 4521 sicut
1450 4462 1478 4518 in
1495 4463 1550 4518 hoc
1567 4460 1648 4517 brevi
1671 4460 1855 4533 continetur,

152 4563 218 4606 curn
233 4554 263 4605 ct
279 4552 385 4608 mortui
398 4551 523 4623 pristino
541 4554 726 4610 nourincntur
746 4557 901 4612 vocabulo.
929 4559 974 4615 Sic
1030 4562 1058 4615 et
1082 4571 1136 4628 ege
1147 4554 1203 4625 legi
1219 4557 1247 4612 et
1265 4567 1318 4610 vos
1328 4551 1504 4622 intelligitis,
1512 4550 1554 4607 sic
1565 4550 1656 4607 credo
1669 4567 1674 4603 :
1689 4562 1742 4606 nec
1751 4554 1856 4608 contra

155 4643 397 4709 quoqucsanctus
412 4640 568 4710 Gregorius
582 4642 751 4714 episcopum
773 4643 976 4702 inrevocabili·
1031 4648 1105 4703 banc
1121 4643 1205 4700 tidem
1218 4640 1342 4698 ulterius
1358 4640 1480 4697 docebo.
1498 4636 1544 4695 Sic
1560 4653 1605 4695 me
1621 4637 1698 4695 [leus
1723 4636 1855 4709 adiuuet,

153 4726 978 4804 terdepositumusurpatonomineepiscopiccnsebatno-
1031 4741 1060 4793 et
1075 4735 1137 4791 liaec
1148 4732 1336 4787 sacrosancta
1351 4726 1511 4798 evangelia.
1529 4728 1606 4783 lunc
1625 4725 1750 4782 demnas
1781 4739 1857 4798 papa

155 4815 976 4891 minari‚cuitaureanichildepositaediguitatisrestitue-
1033 4819 1172 4896 precepit
1189 4816 1364 4887 berengario
1381 4814 1559 4873 auctoritate
1578 4812 1753 4885 apostolica,
1772 4816 1804 4871 ut
1821 4814 1858 4870 de

156 4905 320 4964 revolcbat.
330 4907 498 4974 Quidetiam
507 4909 689 4980 beatuspapa
699 4909 733 4965 ad
746 4909 919 4979 legationem
945 4912 977 4967 il·
1032 4923 1156 4983 corpore
1166 4911 1195 4964 et
1208 4905 1347 4976 sanguine
1358 4902 1470 4961 bomini
1482 4916 1639 4974 numquam
1651 4901 1779 4960 ulterius
1791 4918 1857 4960 eum

156 4990 819 5068 lamregisscminimer·egentis‚proquactiam
842 4999 978 5057 luttema-
1034 4999 1132 5070 aliquo
1147 4996 1300 5068 disputare
1309 4992 1354 5050 rel
1371 4993 1475 5050 docere
1493 4993 1697 5062 presumeret,
1732 4996 1857 5065 excepta

834 5140 952 5198 valAE
972 5139 1171 5200 hecatontas,

191 5265 224 5298 ⁴⁰¹
240 5267 284 5325 tto
299 5283 322 5327 c.
340 5267 374 5301 ‘⁰¹
390 5269 418 5325 in
433 5269 633 5342 supraposito
648 5268 694 5325 vel
708 5282 744 5324 cx
759 5270 820 5327 ced.

951 5377 1060 5435 NOTAE.

192 5480 266 5554 (167)
283 5483 354 5540 dcta
363 5480 478 5538 concilii
492 5480 567 5555 apud
579 5480 679 5552 blansi,
694 5481 751 5552 xx,
767 5485 828 5539 ebt.
