3788 6000
88 255 127 323 ns
567 264 751 333 nucoms
771 262 948 331 assuris
969 261 1312 329 ruuvmmcnnsrs
1453 233 1458 243 ’
1750 268 1786 332 st

87 396 705 461 exterminiumciritatisetehristianornm
717 401 910 460 siciebatsan-
924 397 951 462 Α
967 397 1042 458 blica
1056 400 1068 456 l
1080 399 1181 459 hostes
1193 401 1332 460 Pannonii
1348 404 1549 461 vastaverunt.
1567 401 1680 462 Etenim
1697 404 1789 463 Assur

88 484 215 556 guinem.
233 489 318 561 (Vite
334 490 452 562 antidii)
467 492 611 549 Treverici
637 508 707 550 vero
731 493 759 549 in
776 491 909 548 arenario
967 491 1048 547 venit
1064 507 1128 548 cum
1145 492 1210 549 illis.
1224 493 1424 564 magonciacus
1441 491 1550 551 nobilis
1564 491 1709 564 quondam
1720 493 1789 567 civi·

91 575 222 635 civitatis
238 593 323 649 quem
338 580 503 636 munierant
517 579 633 636 liberati
651 585 729 637 sunt.
746 581 849 638 Plures
863 578 912 636 de·

91 662 159 721 hinc
176 666 393 725 hustrasiorum
409 668 544 726 civitates
558 668 669 726 vallans
692 667 911 726 innumerabilis

92 767 191 810 eorum
204 757 352 814 exercitus
364 762 430 829 post
441 758 607 817 destructas
621 761 706 817 urbes
715 763 743 815 ct
754 774 856 817 eversa
866 774 912 817 ca·

92 846 152 898 stra
169 844 277 901 blettim
290 846 443 927 obsidione
453 849 625 918 circumdat,
638 863 783 906 rnurorum
794 848 913 904 hrmita-

92 933 152 987 tem
167 935 272 991 crebro
288 935 384 1005 pulsat
400 937 502 1006 ariete,
514 938 563 993 sed
575 937 629 994 nisi
642 923 838 1010 praepedirent
851 951 913 994 see-

92 1019 153 1077 lera
168 1024 197 1076 et
215 1021 336 1079 crimina
351 1023 548 1082 habitatorum
572 1029 668 1095 terrae,
685 1040 742 1082 non
763 1025 912 1082 timuisset

95 1109 207 1166 ruinam
223 1111 326 1168 civitas
344 1113 420 1169 beati
439 1114 684 1186 prothomartyris
698 1115 835 1186 Stephani
848 1114 914 1171 illu·

93 1202 186 1255 strata
202 1200 353 1270 sanguine.
367 1205 395 1256 ct
413 1203 547 1259 ductoris
562 1203 690 1275 episcopi
703 1204 813 1260 rrrunita
825 1205 914 1259 inter-

94 1287 237 1344 cessione.
256 1289 305 1346 Eis
322 1289 421 1361 itaque
436 1306 538 1362 parum
559 1291 781 1363 proficientibus
800 1292 912 1349 diutina

93 1375 913 1452 obsidionem-beniquerelinquentibus,curnduodeeimo

95 1465 132 1521 ab
148 1467 220 1523 urbe
237 1466 361 1523 miliario
372 1473 467 1525 castra
478 1470 656 1540 posuissent,
670 1485 768 1527 rnrrrns
780 1474 859 1527 nintu
872 1469 914 1525 di-

93 1553 162 1610 vino
178 1569 319 1612 corruens
343 1556 490 1615 wandalis
512 1559 649 1628 patelcoit
672 1559 843 1628 ingressum.
861 1560 914 1615 ile·

94 1642 223 1713 predata
236 1643 325 1714 igitur
336 1647 779 1717 urbcctconllagrataincendio.
789 1652 912 1720 excepto

968 584 1014 638 tas
1023 586 1108 653 capta
1120 584 1207 653 atquc
1219 582 1371 652 subversa,
1384 586 1414 637 ct
1426 581 1453 636 in
1463 581 1595 638 aecclesia
1607 582 1697 638 multa
1710 581 1788 639 mitia

967 669 1114 726 hominurn
1131 670 1289 741 trucidata,
1300 670 1558 742 Vangioneslonga
1573 670 1726 728 obsidione
1742 672 1790 729 dc·

968 758 1030 829 leti,
1043 760 1197 815 llemornrn
1211 760 1280 815 urbs
1291 763 1469 831 prepotens,
1478 759 1619 831 Ambiani,
1628 761 1787 832 Atrebate,

968 847 1149 918 extremique
1177 847 1323 905 hominurn
1349 847 1460 908 llorini.
1475 849 1630 918 Tornacus,
1649 851 1790 919 Argento

969 951 1055 994 raons
1072 936 1220 994 translatae
1237 937 1263 992 in
1280 937 1471 1006 Gorrnaniam,
1486 937 1658 1008 hqnitanise,
1671 939 1789 994 Novem·

970 1024 1113 1098 pubulana
1129 1024 1174 1096 ¹⁰⁸,
1191 1025 1390 1095 Lugdunensis
1407 1040 1523 1098 quoqne
1541 1030 1571 1083 ct
1591 1026 1789 1084 Narbonensis

970 1115 1146 1185 provincim;
1165 1119 1272 1187 praeter
1289 1130 1397 1187 pancas
1416 1116 1505 1171 urbes
1525 1120 1628 1172 cuncta
1648 1113 1789 1187 populata

969 1207 1048 1272 sunt,
1066 1218 1138 1273 quas
1153 1207 1181 1258 et
1200 1203 1279 1274 ipsas
1297 1203 1366 1258 loris
1386 1201 1512 1272 gladius,
1530 1203 1608 1259 intus
1632 1205 1729 1260 vastat
1756 1202 1790 1258 ti-

969 1307 1040 1349 mor.
1059 1295 1118 1349 Non
1136 1307 1251 1365 possum
1274 1294 1385 1364 absque
1410 1293 1537 1349 lacrimis
1562 1293 1672 1350 Tolosre
1693 1293 1791 1351 lacere
1812 1321 1817 1327 ·

969 1383 1236 1454 mentionemque
1262 1385 1293 1439 ut
1315 1383 1464 1453 hucusque
1491 1397 1546 1438 non
1572 1385 1682 1454 rueret,
1697 1383 1789 1439 sancti

969 1471 1790 1544 Exrrpcriimrritaprestiterunt.lpsmllispaniaejamque

969 1561 1109 1631 periturae
1133 1560 1372 1630 contremiseunt,
1399 1558 1589 1616 recordantes
1617 1559 1791 1631 irruptionis

970 1648 1139 1719 cymbricae,
1152 1655 1181 1705 et
1192 1651 1267 1720 qnod
1286 1648 1334 1705 alii
1350 1647 1440 1704 scrncl
1456 1648 1533 1720 passi
1545 1653 1624 1719 sunt,
1637 1648 1709 1720 ipsc
1720 1661 1792 1705 som·

94 1732 187 1787 saneti
203 1732 339 1804 Stephani
356 1736 495 1806 oratorio,
512 1737 624 1806 egressi
641 1741 707 1794 sunt
720 1737 847 1807 barbari,
858 1739 955 1820 ltu-B
971 1752 1021 1810 per
1036 1739 1140 1794 timore
1157 1742 1316 1810 patiuntur.
1334 1761 1347 1785 »

95 1823 206 1876 ctorem
222 1823 391 1895 episcopum
406 1830 436 1881 et
451 1826 584 1897 captivos
599 1825 740 1899 plurimos
755 1827 913 1894 ducentes;

97 1922 182 1978 quem
194 1911 914 1986 mox,miraculodivinoperterriti,curnomnibus

96 2011 157 2053 suae
172 1999 302 2058 civitatis
315 2001 439 2072 captivis
454 2007 484 2058 ct
500 2003 596 2074 praeda
613 2002 815 2060 innumerabili
833 2003 914 2061 abire

95 2086 205 2155 sinunt,
223 2089 296 2144 satis
311 2093 445 2146 verentes
461 2106 496 2148 nc
512 2106 564 2164 pro
579 2092 651 2148 tanti
668 2091 722 2148 viri
739 2092 914 2149 contumelia

94 2173 206 2231 celeste
221 2190 271 2231 cos
286 2177 479 2247 conflagraret
493 2180 666 2236 incendium.
678 2179 723 2236 Sic
737 2179 781 2235 vir
796 2186 915 2237 sanctus

97 2262 165 2320 dum
188 2278 242 2335 pro
266 2265 370 2322 ovibus
391 2268 462 2323 mori
488 2267 646 2338 desiderat,
670 2269 840 2340 captivitate
866 2285 915 2325 sna

97 2351 279 2422 captivorum
296 2353 384 2411 solvit
400 2355 526 2412 vincula.
544 2358 657 2413 interea
673 2361 771 2413 castra
788 2356 914 2428 illorum,

93 2439 204 2509 junctis
218 2441 273 2498 sibi
290 2443 381 2499 llunis
396 2445 444 2514 qni
462 2460 513 2515 per
530 2447 658 2502 llhcunm
676 2448 781 2502 blesam
797 2447 915 2504 huviom

96 2527 319 2600 descenderant,
337 2531 496 2589 virdunum
521 2534 689 2605 adveniunt,
716 2536 817 2591 urbem
842 2536 917 2592 ohsi-

96 2616 184 2673 dione
200 2618 427 2684 circumdantia
443 2621 700 2692 proxhnoeollcex
712 2623 835 2681 adverso
847 2624 917 2680 civi-

98 2705 169 2761 tatis
180 2709 310 2763 castrum
321 2707 477 2778 collocant,
492 2709 567 2766 unde
579 2710 917 2783 frequentibuseruptio-

95 2792 184 2850 nibus
195 2794 356 2866 oppidanos
367 2797 535 2868 pertubant.
548 2799 638 2855 Villas
649 2800 916 2858 omnesineircuitu

96 2881 208 2953 positas
231 2883 306 2940 edan
332 2884 443 2941 damma
467 2887 656 2960 consumpsit,
679 2886 792 2946 edillcia
822 2890 917 2946 omnia

98 2970 180 3027 ruina
197 2972 347 3044 contrivit,
365 2973 436 3031 nulli
452 2979 496 3032 cst
514 2975 657 3035 indultum
674 2977 754 3033 aetati
767 2994 774 3044 ;
787 2993 873 3036 senes
888 2984 916 3036 et

95 3059 229 3130 juvenes,
242 3076 348 3133 parvos
363 3067 392 3120 et
403 3078 534 3135 magnos,
548 3069 657 3123 matres
671 3082 736 3123 curn
749 3067 861 3133 liberis,
872 3068 919 3125 do

100 3148 193 3207 minos
215 3165 281 3208 cum
306 3151 424 3210 familia.
442 3153 537 3210 omnia
561 3154 630 3211 tulit
654 3154 779 3225 gladius.
797 3156 917 3213 Barbari

98 3254 169 3295 vcro
179 3239 290 3296 diutius
300 3245 484 3313 attemptata,
493 3242 676 3300 considerata
688 3249 719 3300 et
730 3244 858 3317 inspecta
872 3262 919 3303 ur-

99 3326 144 3383 bis
160 3327 308 3399 firmitate,
325 3332 355 3385 et
381 3330 486 3387 vicium
510 3345 540 3388 se
566 3346 676 3402 suaque
701 3333 918 3392 defendentium

101 3417 350 3488 magnanimitate,
359 3433 423 3474 curn
437 3418 600 3476 dillldereut
615 3435 666 3477 sua
682 3436 744 3477 earn
762 3437 849 3494 posse
864 3423 920 3480 vir·

66 3507 69 3513 '
97 3509 162 3562 tute
179 3505 255 3578 capi,
270 3521 335 3578 qum
350 3507 524 3578 cingebatur
535 3523 618 3565 muro
630 3509 920 3582 indissolubili,com-

98 3594 194 3665 pactis
202 3598 231 3651 et
239 3595 542 3668 consertislapidibus
549 3596 669 3668 plumbo
678 3599 856 3671 ierroqnc,et
861 3601 919 3671 iam

98 3683 127 3739 in
143 3683 197 3741 hec
212 3688 312 3741 essent
331 3690 362 3741 ut
382 3684 490 3741 adalia
509 3700 540 3741 se
559 3686 739 3758 conferrent,
753 3688 853 3745 urbem
875 3704 920 3745 ca-

99 3771 183 3842 piunt
194 3776 222 3829 et
236 3772 365 3829 diruunt.
376 3774 501 3831 Croseus
513 3788 582 3831 vero
595 3775 750 3832 universas
763 3776 919 3834 Galliarum

101 3862 191 3918 urbes
215 3861 381 3933 pervolans.
400 3862 472 3918 alias
488 3861 605 3931 delevit,
623 3863 695 3921 alias
711 3867 918 3938 concremavit,

1009 1827 1090 1894 (Vite
1103 1827 1235 1895 hntidii.)
1248 1826 1372 1883 croscus
1384 1826 1481 1896 itaque
1494 1825 1613 1882 Galliam
1624 1826 1792 1897 Lugdunen-

971 1916 1044 1971 sium
1061 1930 1222 1986 pervagans
1237 1930 1302 1971 cum
1320 1914 1468 1970 arelatam
1492 1915 1640 1971 obsideret
1657 1919 1791 1987 captusa

971 2003 1058 2060 llario
1070 2003 1195 2074 praesidc
1206 2007 1234 2058 ct
1247 2003 1360 2058 eatenis
1371 2003 1488 2059 vinctus
1500 2017 1551 2074 per
1561 2004 1649 2058 urbes
1663 2017 1792 2073 quasna-

971 2098 1101 2149 stavcrat
1118 2091 1154 2147 ad
1171 2092 1377 2163 improperium
1392 2093 1543 2159 reductus,
1556 2094 1622 2162 post
1634 2091 1725 2149 multa
1739 2094 1793 2149 tor·

972 2185 1068 2237 menta
1085 2181 1199 2252 impiam
1215 2180 1302 2237 vitam
1318 2181 1423 2237 misero
1441 2181 1533 2237 linivit
1548 2180 1639 2238 obitu.
1651 2181 1793 2251 Regnavit

972 2273 1068 2326 autern
1101 2274 1165 2339 post
1195 2284 1259 2324 enm
1289 2284 1378 2339 snper
1405 2269 1560 2326 lvondalos
1593 2268 1793 2327 Fredebaldus

973 2357 1082 2429 [loturi.
1096 2359 1176 2414 Hune
1190 2358 1376 2414 Constantius
1388 2359 1539 2429 patricius,
1552 2372 1636 2430 quern
1648 2358 1794 2416 lionorius

973 2448 1048 2516 apud
1061 2449 1225 2504 Ravennam
1239 2449 1405 2503 consortem
1419 2448 1528 2503 lecerat
1541 2447 1654 2519 imperii
1665 2446 1794 2506 etPlaci·

972 2536 1048 2593 diam
1064 2551 1193 2593 sororem
1210 2551 1291 2592 suam
1306 2536 1332 2591 ei
1351 2535 1481 2606 dederat,
1500 2551 1536 2592 ex
1552 2551 1607 2607 qna
1623 2536 1725 2607 genuit
1743 2538 1795 2593 Va·

974 2624 1174 2694 lentinianum,
1184 2625 1333 2695 ingeniose
1345 2625 1422 2697 cepit
1435 2629 1463 2682 ct
1477 2625 1603 2682 lionorio
1616 2624 1794 2692 direxit;cui

973 2714 1118 2770 successit
1133 2714 1317 2770 Gurrdcricus
1332 2713 1422 2785 [Onus
1440 2730 1486 2784 vu,
1499 2713 1553 2786 lo]⁸
1566 2713 1715 2772 wandalis
1725 2730 1795 2786 ergo

974 2816 1025 2873 por
1041 2800 1148 2858 Gallias
1165 2801 1424 2869 debacchantibus,
1443 2803 1518 2874 apud
1536 2802 1714 2861 Brittannias
1728 2803 1796 2859 Gra-

973 2889 1071 2946 tianus
1088 2895 1227 2960 tyrannus
1240 2893 1358 2946 creatur
1371 2894 1401 2946 et
1417 2891 1574 2962 occiditur,
1586 2895 1614 2947 et
1632 2892 1795 2950 Constanti·

974 2990 1029 3033 nus
1044 2990 1080 3032 ex
1096 2975 1192 3031 intima
1210 2974 1312 3031 militia
1329 2981 1450 3050 propter
1465 2975 1556 3032 solam
1573 2990 1654 3048 spem
1671 2976 1795 3033 nominis

973 3065 1036 3122 sine
1053 3064 1156 3121 merito
1179 3064 1299 3120 virtutis
1322 3064 1453 3135 eligitur.
1470 3064 1524 3131 Qui
1550 3079 1615 3121 mox
1635 3064 1663 3121 in
1689 3064 1798 3122 Gallias

974 3154 1131 3224 transiens,
1139 3158 1168 3210 ct
1186 3169 1199 3209 a
1217 3153 1351 3210 barbaris
1368 3153 1489 3210 incertis
1501 3153 1649 3211 federibus
1658 3167 1736 3226 saepc
1749 3153 1798 3210 de·

976 3243 1145 3312 insessum
1160 3241 1249 3299 vellet
1265 3242 1292 3298 in
1309 3242 1482 3314 hyspaniam
1496 3241 1610 3312 jndices
1626 3241 1755 3312 mittere,
1767 3246 1798 3299 et

975 3332 1096 3402 Pyrenei
1111 3331 1251 3388 claustris
1265 3330 1389 3388 militum
1400 3329 1533 3386 custodia
1546 3329 1666 3387 munitis
1675 3329 1799 3403 repelle·

975 3424 1067 3490 retur,
1084 3422 1270 3476 Constantem
1288 3418 1376 3474 illium
1392 3433 1476 3476 suum
1493 3418 1684 3475 exmonacho
1707 3433 1799 3476 caesa·

976 3523 1036 3564 reru
1053 3508 1160 3563 iactum
1177 3522 1242 3563 cnm
1259 3504 1432 3577 quibusdam
1449 3504 1583 3562 barbaris
1599 3503 1627 3560 in
1644 3504 1740 3562 loedus
1755 3520 1799 3562 ro·

975 3597 1069 3668 ceptis
1080 3600 1108 3652 et
1122 3595 1157 3651 ad
1170 3594 1301 3650 militiam
1311 3593 1427 3650 allectis
1438 3593 1486 3665 qui
1497 3592 1649 3650 honoriaci
1662 3593 1800 3650 diceban·

976 3688 1024 3741 tur
1040 3684 1090 3740 illo
1105 3684 1193 3740 misit.
1207 3685 1240 3739 El
1257 3682 1423 3740 interiectis
1440 3681 1560 3754 illisqui
1578 3681 1701 3752 Pyrenei
1716 3680 1799 3755 alpes

976 3773 1090 3845 privato
1103 3772 1241 3845 praesidio
1254 3773 1437 3841 tutabantur,
1450 3771 1495 3827 his
1507 3770 1640 3827 barbaris
1649 3770 1734 3842 quasi
1745 3785 1799 3843 pro

976 3861 1095 3936 premio
1110 3860 1241 3917 victoriae
1257 3860 1285 3915 iu
1301 3859 1466 3916 Palaestinis
1482 3859 1592 3930 campis
1605 3857 1757 3933 praedandi
1767 3858 1800 3914 li-

99 3956 128 4010 ct
144 3951 312 4009 christianae
328 3952 402 4023 legis
415 3953 543 4010 lautores
555 3954 654 4025 pravis
664 3958 694 4012 et
706 3955 845 4013 inauditis
856 3971 921 4030 per·
974 3950 1071 4007 ccntia
1083 3948 1162 4019 data,
1175 3949 1280 4005 dehine
1292 3947 1456 4020 supradicti
1467 3949 1573 4004 montis
1585 3950 1697 4003 remota
1708 3947 1799 4002 rusti·

99 4040 327 4114 sequutionihus
341 4041 486 4113 quatiens,
503 4043 643 4114 quosdam
660 4043 749 4101 variis
773 4045 921 4118 protraxit
975 4053 1113 4095 canorum
1130 4035 1207 4093 lldeli
1223 4041 1253 4092 et
1268 4035 1333 4093 utili
1350 4035 1480 4093 custodia
1496 4050 1565 4092 eura
1582 4039 1626 4092 cst
1644 4034 1797 4107 permissa.

11 4146 18 4153 ·
103 4129 195 4203 penis,
213 4129 353 4201 quosdam
368 4131 459 4188 citato
475 4131 569 4190 secuit
586 4132 644 4188 ictu
661 4133 805 4206 bipennis.
819 4132 921 4190 Nullus
976 4126 1029 4193 Qui
1049 4126 1146 4197 braetlt
1156 4124 1258 4182 imbuti
1272 4123 1510 4181 ethabuudantia
1523 4122 1625 4191 illecti,
1639 4137 1696 4194 qun
1707 4122 1800 4194 magis

102 4220 178 4275 enirn
193 4224 257 4276 crat
278 4219 306 4274 in
326 4219 461 4278 barbaris
484 4220 587 4277 modus
611 4221 745 4291 vesaniae,
761 4219 859 4277 nullus
883 4221 922 4276 in·
976 4213 1255 4285 seclusimpunitum
1271 4211 1532 4282 loretetmagiseis
1544 4209 1669 4284 praedari
1685 4210 1798 4282 liceret,

102 4305 260 4375 dulgentiae
284 4307 375 4378 locus,
392 4308 443 4364 sed
469 4312 533 4364 erat
557 4323 672 4379 semper
694 4309 729 4364 aq
752 4309 920 4365 caedendum
977 4301 1092 4374 prodita
1114 4299 1801 4372 Pyreneicustodia,elaustrisqueapertis,gen·

102 4393 239 4450 continua
256 4409 367 4452 manus.
976 4393 1023 4446 tes
1038 4403 1094 4461 que
1111 4403 1163 4462 per
1178 4388 1286 4445 Gallias
1301 4389 1484 4459 vagabantur
1498 4386 1688 4445 introducunt
1704 4393 1734 4444 et
1750 4391 1802 4461 lig·

140 4482 562 4552 lenrporishujusmentionem
574 4483 682 4540 iaciens
692 4483 876 4542 iheronimus
887 4484 921 4520 ¹⁰⁷
934 4465 963 4528 D
977 4477 1144 4551 spaniarum
1160 4476 1320 4548 provinciis
1336 4476 1369 4509 ¹⁰⁰
1381 4476 1550 4546 immittunt,
1564 4475 1666 4547 eisque
1678 4475 1735 4548 ipsi
1752 4477 1802 4533 ad·

103 4569 130 4626 io
147 4569 274 4642 epistola
291 4585 341 4628 sua
363 4586 447 4642 quam
474 4571 594 4643 scripsit
619 4573 653 4628 ad
680 4571 869 4642 agerochiam
886 4573 921 4630 de
973 4567 1137 4638 iunguntur
1153 4568 1241 4638 atque
1258 4569 1324 4637 post
1340 4580 1444 4635 graves
1471 4579 1571 4622 rerum
1595 4564 1802 4638 hominumque

103 4659 294 4729 monogamia,
307 4659 348 4717 sic
360 4660 385 4714 ai
391 4664 401 4715 t
411 4678 416 4714 :
427 4680 440 4711 u
451 4659 633 4716 Prcscntium
642 4660 823 4717 miseriarum
832 4676 921 4732 panea
977 4656 1161 4713 vastationes
1172 4655 1331 4711 distributa
1344 4654 1450 4710 ibidem
1464 4655 1649 4726 posessione
1660 4653 1802 4710 constite-

104 4761 273 4819 percurram
294 4766 299 4800 :
322 4747 397 4818 quod
417 4748 475 4803 rari
495 4748 551 4804 buc
570 4763 661 4819 usquc
677 4748 849 4819 res'demus,
866 4764 921 4806 non
977 4749 1057 4814 runt,
1076 4744 1125 4800 ubi
1142 4743 1251 4800 multos
1267 4743 1493 4799 christianorum
1513 4741 1696 4799 Gundericus
1711 4742 1801 4799 inter·

104 4836 198 4895 nostri
217 4836 313 4893 meriti
329 4835 381 4893 srd
396 4836 506 4893 bonrini
533 4843 580 4894 est
604 4837 822 4895 misericordiae.
840 4840 923 4896 lanu·
979 4832 1057 4890 iecit·
1070 4831 1254 4888 iheronimus
1264 4829 1299 4885 dt
1314 4833 1394 4886 siaiu
1405 4829 1547 4902 temporis
1557 4829 1690 4887 scribens
1701 4829 1737 4886 ad
1748 4831 1803 4887 He-

107 4924 261 4983 merabilcs
274 4929 303 4982 et
314 4924 804 4983 ferocissimaenationesuniversas
815 4926 922 4982 Gallias
978 4920 1129 4993 lvodorum
1147 4919 1254 4993 (epto)
1270 4938 1275 4973 :
1295 4943 1308 4968 ι
1324 4919 1500 4989 Horrebam,
1513 4919 1627 4976 animus
1638 4924 1800 4992 temporum

106 5018 297 5084 occuparunt.
312 5012 458 5085 Quidquid
469 5014 683 5085 interhlpeset
694 5016 853 5086 Pyron-um
865 5021 921 5086 est,
979 5014 1145 5068 nestrorum
1165 5008 1266 5065 ruinas
1290 5006 1438 5081 prosequi.
1453 5007 1562 5078 Viginti
1579 5010 1610 5063 et
1624 5023 1660 5064 eo
1675 5007 1802 5081 amplius

105 5100 182 5173 quod
198 5116 306 5158 oceano
328 5102 486 5175 Rhenoque
509 5102 679 5173 includitur,
697 5103 815 5169 eradus
842 5105 925 5159 Wan·
979 5099 1045 5156 nuni
1057 5097 1221 5169 suut,quod
1233 5096 1310 5152 inter
1322 5095 1602 5167 Constantinopolim
1614 5098 1643 5152 et
1656 5095 1804 5168 hlpestu·

105 5189 198 5259 dalus,
216 5189 357 5262 Sarmata,
376 5191 467 5262 hlani,
485 5190 640 5264 Geppides,
657 5190 767 5262 lleruli,
785 5191 921 5262 Saxones,
979 5187 1035 5245 lias
1048 5187 1157 5244 cotidie
1176 5185 1323 5241 Romanus
1347 5183 1464 5256 sanguis
1489 5184 1630 5241 tunditur.
1649 5185 1800 5257 scithiam,

104 5277 338 5349 Burgundiones,
361 5279 522 5351 Alemanni,
547 5284 587 5350 et,
610 5294 627 5336 c
650 5278 775 5351 lugenda
797 5293 845 5335 res
872 5293 925 5350 pn·
978 5275 1138 5346 Trachiam,
1166 5273 1371 5342 Macedoniam,
1401 5272 1589 5345 Thessaliam,
1615 5272 1800 5345 Dardaniam,

779 5401 897 5456 thuim
919 5397 1117 5455 Lectiones

136 5498 597 5583 1tilheronimus--auonogamia
611 5502 646 5559 tn
656 5513 753 5572 marg.
770 5497 804 5532 ¹⁰·
818 5495 1072 5570 Novempopnlana
1086 5509 1161 5555 em.
1179 5493 1433 5568 novempobulana
1447 5507 1471 5552 c.
1487 5493 1522 5528 ¹⁰⁰
1534 5493 1702 5569 provincias
1723 5507 1800 5556 corr.

103 5584 263 5646 provincius
277 5586 301 5632 o.
