3788 5992
97 270 159 339 918

535 268 755 338 canoniea.
775 307 810 320 -·
828 264 1067 336 CHRONICON
1088 267 1361 337 damnande.

1743 266 1804 340 om
1841 228 1847 238 *

92 408 169 468 unde
180 406 294 466 veniret
305 413 354 465 aut
366 421 418 467 cur
429 405 514 464 deret
526 426 532 464 :
544 406 587 466 Ab
602 408 682 478 istis,
700 407 804 479 inquit,
818 403 962 479 predo-A
979 406 1185 465 Germanorum
1201 405 1324 466 victoria
1340 420 1417 479 agre
1433 410 1608 480 sustentata,
1630 411 1726 469 tamen
1741 409 1803 470 eui·

90 498 179 558 aibas
193 513 286 556 baum
298 500 491 570 paupertatis
504 512 575 555 mea
587 498 731 555 solatiam
740 499 819 570 qarob
828 496 921 554 babai

91 590 227 647 ablatum
239 588 466 660 estjaatentam.
480 589 569 655 Quaem
580 603 644 644 euni
655 588 885 656 interrogarent,
897 601 921 671 si

92 678 286 734 Giselbertum
296 682 326 732 et
336 676 534 732 Eberliardum
548 676 669 732 vidisset
681 682 731 731 ant
743 675 792 732 ubi
802 678 920 742 essent:

92 768 226 836 Cunctis,
244 766 295 835 ait,
312 780 376 823 cum
384 766 482 837 prede
498 765 635 822 Bbenum
648 765 846 834 transmissis,
862 765 923 836 ipsi

90 857 149 915 soli
165 869 231 913 eram
245 855 309 912 sais
325 854 434 924 electis,
458 854 538 926 praed
551 868 604 911 aee
619 854 688 910 deae
703 854 808 921 certet,
825 852 923 910 cibum

90 945 223 1017 raptem.
244 946 301 1000 lloe
317 943 358 998 illi
376 943 539 1010 audientes,
557 958 670 1000 summa
686 959 750 998 curn
767 942 921 1000 celeritate

92 1049 181 1106 super
197 1048 248 1090 eos
264 1033 391 1102 irruunt,
412 1047 533 1103 moxque
553 1032 740 1087 Eberhardus
758 1032 921 1100 oceiditur3

92 1123 276 1181 Giselbertns
294 1122 319 1175 in
338 1122 476 1176 Bucinum
499 1136 574 1190 equo
596 1120 753 1192 prosiliens
769 1120 855 1176 undis
876 1136 922 1178 su·

94 1211 267 1279 bmergitur,
294 1224 366 1280 eiras
392 1210 457 1280 quia
483 1210 642 1265 «absorbere
667 1224 722 1265 non
748 1210 843 1281 potuit
864 1207 920 1280 Μ’,

92 1301 184 1356 anima
194 1296 361 1364 recedente,
373 1297 495 1362 elerlecit;
509 1301 674 1354 ceterorum
687 1312 756 1353 vero
765 1297 863 1355 nullus
872 1311 921 1354 au·

94 1389 178 1460 legit,
192 1391 260 1461 auin
273 1396 322 1445 aul
337 1389 419 1444 sivus
430 1391 586 1456 raperetur
598 1390 646 1442 aut
658 1386 755 1456 gladio
770 1391 920 1443 truncare·

95 1483 151 1535 tur.
173 1479 262 1549 Cuius
276 1479 316 1533 rei
335 1476 457 1532 nuneius
472 1490 536 1532 cum
554 1475 614 1546 regi
628 1476 712 1545 juxta
733 1475 920 1532 consuetudi·

92 1581 155 1623 nem
168 1581 250 1623 mene
260 1567 294 1622 ad
306 1564 482 1633 eeclesiam,
496 1578 558 1634 aera
569 1563 654 1633 longe
664 1577 679 1619 a
688 1564 794 1620 eastris
805 1565 917 1634 aberat,

92 1654 223 1710 tendenti
239 1660 421 1723 occurreret,
439 1668 504 1707 mox
521 1653 555 1707 do
570 1668 645 1723 equo
661 1651 820 1718 descendit,
839 1666 918 1709 sese-

979 498 1044 554 tuit.
1062 500 1130 554 Nam
1142 513 1207 556 cum
1219 499 1284 557 due
1295 496 1396 556 tereiae
1411 513 1510 555 eorurn
1526 498 1598 555 iuste
1611 498 1753 571 jacerent,
1770 505 1800 558 et

978 586 1162 645 Biselbertus
1175 603 1244 646 seros
1255 587 1399 646 defecisse
1409 586 1481 644 adeo
1491 585 1546 658 ¹⁴⁰⁰,
1558 587 1742 647 adversarios
1752 605 1801 647 au·

977 679 1035 732 tom
1051 675 1152 734 illesos
1166 676 1371 747 arbitraretur,
1385 676 1412 731 in
1424 681 1505 733 tanta
1518 677 1689 734 contusione
1702 693 1799 736 rerum

978 765 1044 834 iuga
1061 765 1221 838 periculum
1238 765 1361 822 evadere
1378 764 1537 835 nitebatur,
1555 766 1584 822 in
1602 767 1800 838 fluentumque

977 869 1052 924 equo
1069 854 1206 925 prosiliit.
1225 853 1277 921 Qui
1300 868 1364 910 cum
1387 853 1514 911 [luminis
1536 853 1658 925 pelagus
1680 858 1800 913 enatare

976 957 1033 1000 non
1046 946 1155 1014 posset,
1168 942 1194 998 vi
1207 942 1349 1000 undarum
1361 940 1406 977 ²⁴⁰¹
1416 942 1524 1013 vietus,
1541 943 1626 1014 periit
1643 957 1800 1002 sessorem·

976 1045 1032 1102 que
1043 1031 1195 1089 immersit.
1209 1035 1246 1090 dt
1256 1030 1349 1102 Belgae
1361 1031 1512 1088 interitum
1524 1030 1607 1089 ducis
1618 1032 1797 1105 ignorantes,

975 1121 1047 1179 totis
1059 1121 1171 1180 viribus
1182 1121 1384 1192 decertabant,
1396 1125 1534 1192 tantoque
1545 1125 1669 1190 egerunt
1680 1122 1796 1193 robore,

974 1210 1066 1268 donee
1082 1214 1150 1283 post
1163 1210 1357 1267 execrabilem
1380 1209 1678 1281 innumerabilemque
1698 1209 1798 1267 interl·

973 1306 1045 1369 tum,
1062 1314 1161 1356 eorum
1178 1300 1226 1371 qui
1243 1299 1340 1358 relicti
1358 1300 1470 1357 lucrant
1484 1298 1530 1355 alii
1543 1303 1730 1370 caperentur,
1747 1298 1796 1356 alii

975 1388 1002 1443 in
1019 1389 1136 1445 liuidum
1158 1388 1408 1459 demergerentur.
1435 1387 1610 1445 ludewicus
1628 1392 1724 1445 autem
1745 1400 1798 1444 rex

974 1476 1168 1535 Giselbertum
1180 1476 1341 1534 extinctum
1354 1477 1549 1549 comperiens,
1562 1475 1682 1533 multam
1694 1476 1721 1534 in
1733 1475 1796 1546 ejus

973 1581 1042 1622 casu
1064 1566 1279 1623 miserationem
1297 1566 1415 1633 hahuit3
1437 1566 1644 1638 proiectusque
1660 1564 1687 1621 in
1703 1565 1797 1636 Belgi·

974 1670 1046 1724 cam,
1074 1669 1193 1711 uxorem
1216 1656 1280 1726 ejus
1304 1654 1482 1724 Gerbirgam,
1509 1652 1626 1710 Ottonis
1651 1668 1793 1725 sororem,

93 1758 159 1814 que,
177 1758 241 1799 erim
259 1742 385 1799 lacrimis
401 1743 459 1797 Boo
475 1741 587 1810 gratias
603 1756 701 1812 agens,
716 1741 743 1795 in
756 1741 916 1798 orationem
931 1762 959 1823 Β
973 1743 1109 1814 conjugio
1124 1744 1217 1799 duxit.
1235 1745 1293 1799 Hac
1307 1742 1470 1800 occasionis
1484 1740 1666 1813 diversitate,
1682 1757 1739 1798 uno
1752 1745 1795 1798 ta·

93 1831 190 1894 dedit:
208 1845 262 1902 qua
289 1830 416 1901 expleta,
443 1830 548 1886 itinere
571 1834 668 1901 cepto
692 1829 728 1885 ad
753 1829 916 1886 aecclesiam
973 1846 1037 1887 men
1053 1832 1134 1888 exitii
1149 1831 1196 1866 ¹⁴⁰²
1211 1832 1276 1903 dne,
1298 1845 1397 1887 necem
1415 1831 1497 1887 ducis
1513 1834 1637 1901 uterque
1657 1830 1793 1903 scriptor

94 1920 250 1991 pertendit.
973 1919 1101 1977 Gallicus
1120 1920 1233 1977 scilicet
1251 1925 1279 1975 et
1300 1919 1469 1989 saxonicus,
1486 1920 1634 1986 testatur;
1651 1932 1740 1990 penes
1755 1918 1796 1976 le·

130 2018 261 2084 (arcam,
286 2017 357 2090 [aad]
374 2033 403 2086 n,
421 2021 463 2088 17,
482 2019 525 2086 rs,
544 2018 599 2088 ld.)
616 2016 706 2086 Hujus
720 2019 817 2072 salpen
832 2031 917 2074 even.
971 2014 1082 2065 ctorem
1099 2023 1168 2065 vero
1184 2008 1312 2095 oritoni
1330 2008 1420 2078 inagis
1435 2006 1586 2065 credatur.

94 2106 211 2170 tumrei
228 2106 354 2162 Gallicus
371 2106 418 2162 ille
434 2106 571 2177 scriptor,
589 2106 672 2176 ouius
689 2105 824 2177 superius
840 2121 916 2162 men·
1008 2107 1134 2176 (lirense.
1151 2122 1188 2175 nv,
1206 2109 1248 2175 30,
1267 2109 1311 2177 ³1,
1332 2109 1376 2171 32,
1394 2105 1450 2178 33.)
1471 2107 1529 2162 lloc
1550 2105 1578 2161 in
1598 2102 1644 2140 ¹⁴⁰⁸
1662 2110 1795 2180 ternpore

94 2191 201 2247 tionem
217 2192 270 2248 leel
288 2191 343 2262 ¹³⁹³,
361 2192 447 2248 aliter
463 2198 572 2262 narrat,
590 2193 629 2247 ita
641 2191 686 2224 ¹³⁰⁴
697 2191 798 2247 dicens
814 2211 820 2246 ε
840 2193 916 2249 «ιιι-
971 2193 1146 2250 Bartholdus
1158 2192 1203 2226 ¹⁴⁰⁴
1216 2192 1410 2262 Baioariorum
1427 2199 1495 2264 dux,
1514 2192 1624 2250 arnold
1640 2192 1725 2250 ducis
1738 2193 1794 2250 ira-

92 2279 286 2351 dewieus¹³⁹⁸,
298 2281 392 2336 llaroli
407 2281 493 2350 lilius,
505 2280 553 2350 aui
566 2280 601 2337 de
610 2281 816 2337 transmarinis
828 2279 916 2350 parti-
972 2286 1025 2352 ter,
1038 2283 1239 2352 virstrenuus,
1251 2283 1476 2345 totoeonanrine
1488 2283 1604 2340 lavabat
1615 2283 1692 2354 regis
1704 2283 1794 2355 parti·

93 2370 148 2425 bus
160 2374 315 2425 revocatus
330 2374 399 2425 tune
415 2369 547 2438 regnauit
560 2369 587 2423 in
600 2367 699 2438 Gallia,
716 2383 780 2424 cum
797 2371 914 2438 llugone
971 2373 1033 2428 bus.
1042 2371 1326 2441 Volensitaquerex,
1335 2374 1366 2426 ut
1377 2369 1617 2442 queamdmodum
1627 2370 1793 2429 tribulatio·

93 2457 239 2527 cisalpino
256 2457 386 2529 principe
402 2456 430 2512 in
447 2471 520 2529 pago
537 2457 650 2513 alsacio
670 2455 773 2526 Belgas
790 2455 915 2512 exterie-
970 2463 1015 2517 nis
1032 2460 1190 2532 preterita,
1208 2459 1247 2515 ita
1262 2463 1290 2515 et
1308 2460 1422 2517 laetieiae
1443 2459 1588 2531 presentis
1603 2459 1686 2517 fleret
1702 2460 1793 2532 parti·

92 2560 148 2612 res,
163 2545 209 2616 aui
224 2547 259 2601 ad
272 2561 301 2601 sc
313 2547 439 2601 nondum
455 2550 605 2614 venerant,
623 2545 812 2615 assciscebat,
825 2545 913 2616 etqui
970 2564 1050 2620 ceps,
1059 2548 1193 2621 sequenti
1205 2546 1304 2604 statim
1314 2547 1360 2604 die
1371 2547 1446 2604 ratde
1456 2552 1550 2604 morte
1560 2546 1792 2607 adversariorum

92 2633 579 2705 Ottonispartibuslavabantultra
592 2633 915 2703 Bheuunrlugerecom-
970 2636 1090 2708 audivit,
1111 2639 1219 2707 quanta
1239 2649 1307 2706 erga
1328 2650 1358 2692 se
1378 2635 1517 2692 Dominus
1537 2636 1650 2707 lecerit,
1671 2637 1793 2695 directis

92 2721 230 2793 pellebat.
259 2724 446 2778 presenserat
472 2722 577 2778 etenim
598 2720 653 2792 ¹⁸⁹⁶,
678 2723 816 2779 Bitonem
840 2722 914 2779 velle
970 2725 1084 2782 nunciis
1104 2724 1129 2780 ei
1151 2725 1282 2798 aperuit;
1298 2729 1328 2781 et
1347 2724 1480 2796 quoniam
1500 2725 1645 2796 coniugali
1666 2725 1792 2784 conubio

93 2813 238 2883 Belgicam
251 2814 277 2870 in
290 2828 373 2870 suum
386 2815 435 2884 jus
452 2815 671 2882 transfundere,
688 2816 804 2872 undeet
816 2819 916 2873 trucu-
969 2815 1085 2870 minime
1097 2815 1261 2884 tenebatur,
1274 2813 1300 2869 in
1314 2817 1499 2883 augmentum
1511 2812 1626 2871 leticiae
1638 2813 1794 2872 demanda·

93 2902 915 2974 lentiuscontraillumagitans,quicumqueilliusvide-
971 2901 1793 2973 vitsub'J'uramento,utsisororemsuam,seilicetGisel·

37 2977 42 2988 ’
94 2992 223 3046 bantura
236 2990 348 3060 Belgica
361 2991 539 3061 exturbavit,
553 2991 600 3060 qui
611 3006 680 3047 vero
691 2991 915 3049 sibieonsentie·
970 2991 1045 3048 berti
1062 2991 1188 3061 viduam,
1213 2993 1312 3062 posset
1328 2989 1520 3060 laborabam
1534 2989 1668 3061 conjugio
1679 2989 1733 3048 sibi
1746 2988 1792 3025 ¹⁴⁰⁸

92 3078 172 3148 bunt,
184 3078 697 3149 eonsilioGisolbcrtiducisBelgieae
707 3088 734 3135 et
745 3079 913 3138 Theoderici
969 3080 1130 3152 copularet,
1154 3079 1178 3135 si
1199 3092 1269 3135 sero
1292 3079 1347 3136 boc
1372 3077 1466 3135 rninus
1491 3078 1676 3150 procederet,
1703 3077 1790 3136 liliam

92 3167 218 3237 comilis,
245 3172 427 3224 sacramento
453 3167 507 3223 sibi
534 3168 726 3237 astringebat.
752 3169 821 3225 Otto
844 3184 913 3227 vero
969 3169 1791 3245 ipsiusGiselbertiexeademsororesuagenitam,quam

92 3255 196 3327 Belgas
220 3258 403 3329 comperiens
426 3271 440 3312 a
460 3271 492 3312 se
512 3255 654 3312 deiecisse
674 3260 704 3312 et
728 3257 763 3313 ad
783 3259 915 3315 Ludewi·
970 3259 1246 3333 penessebabebat,
1261 3260 1321 3315 iere
1332 3259 1389 3329 jam
1403 3256 1539 3327 nubilem,
1552 3250 1790 3328 eijungeret²⁴⁰⁸.

91 3344 218 3401 eun1¹³⁹⁷
237 3346 424 3415 conduxisse,
444 3346 543 3401 Rheno
566 3345 747 3415 transmisso,
771 3346 913 3417 Belgicam
969 3344 1794 3418 Quoaudito,Bertboldus1‘0limmensoestgaudioalle-

91 3449 157 3490 cum
174 3434 305 3491 cxereitu
322 3434 495 3505 ingreditur,
517 3434 637 3504 ejusque
654 3433 717 3490 loca
734 3433 858 3506 plurima
875 3436 915 3491 in·
969 3443 1043 3509 ctus,
1052 3438 1200 3509 elegitque
1210 3435 1473 3492 nondumnubilem
1484 3433 1681 3506 potiusilliam
1690 3442 1792 3508 exepe-

91 3522 205 3578 cendiis
219 3537 252 3579 ac
268 3523 377 3594 ingenti
392 3522 481 3594 preda
498 3522 641 3578 devastat.
659 3523 812 3580 Nitebatur
826 3526 912 3596 enlin,
968 3532 1058 3598 ctare,
1073 3539 1157 3597 quani
1171 3528 1301 3592 matrem,
1315 3539 1378 3595 qrrae
1387 3523 1445 3594 jam
1457 3526 1607 3595 nupserat,
1622 3522 1737 3581 tollere.

91 3611 150 3667 acsi
160 3608 250 3666 cn¹³⁹⁸
260 3615 379 3682 paterna
392 3609 551 3666 traditione
564 3611 698 3682 prinecps
708 3611 769 3667 lieri
779 3611 911 3682 Belgicae.
1007 3614 1171 3671 l'ridericus
1191 3613 1281 3684 igitur
1300 3611 1550 3684 archiepiscopus,
1573 3616 1605 3669 ut
1624 3610 1791 3684 infidelitas,

92 3699 121 3753 ld
136 3713 205 3754 atero
216 3702 317 3754 contra
331 3698 379 3767 jus
394 3713 479 3766 agore
491 3698 752 3769 oaluinpniabatnr,
770 3713 834 3757 eum
851 3700 915 3772 ejus
969 3717 1054 3774 quare
1066 3702 1182 3760 occulte
1193 3702 1338 3773 gestabat,
1356 3699 1471 3757 eunetis
1483 3703 1608 3771 pateret,
1622 3700 1722 3757 decom
1733 3699 1794 3759 die·

93 3791 177 3857 pater
201 3790 321 3859 propter
346 3786 512 3842 selavorum
538 3786 755 3843 infestationem
782 3790 914 3847 saxoniae
970 3791 1024 3848 bus
1039 3796 1105 3847 ante
1127 3804 1226 3847 necem
1244 3788 1511 3860 prenominatorum
1527 3787 1695 3847 discessita
1712 3784 1791 3862 rege,

91 3875 912 3950 tantumqueeeslpnrs(ternianiae,dirxeonstitutussit,
969 3875 1792 3952 mogontiamqueconcitasseniens¹⁴⁰⁸,nilibimoratus,

91 3979 126 4021 eo
138 3963 215 4034 quod
227 3963 360 4033 liarolus,
372 3962 517 4019 ludewici
532 3968 624 4035 pater,
635 3964 680 4019 cui
696 3979 790 4021 rerum
802 3980 913 4022 summa
969 3969 1123 4024 lietensem
1136 3966 1236 4023 urbem
1248 3963 1334 4030 adiit;
1346 3964 1533 4036 disposuerat
1543 3965 1620 4021 enim
1629 3965 1792 4038 Heinrieus,

90 4051 264 4121 debebatur,
275 4055 344 4106 ltine
356 4051 449 4106 addire
461 4051 488 4105 in
501 4051 584 4106 cunis
597 4050 718 4120 vagiret.
733 4051 849 4108 ldultam
862 4051 916 4108 ita·
970 4058 1060 4112 irater
1075 4054 1162 4125 regis,
1179 4052 1372 4108 redeuntibus
1384 4052 1553 4118 Blperhardo
1568 4057 1597 4108 et
1615 4052 1790 4126 Giselberto,

89 4154 145 4211 aue
169 4139 287 4212 predam
305 4140 374 4195 Otto
391 4138 549 4209 abducens,
576 4140 706 4195 Blronum
731 4140 859 4196 transiit,
879 4144 915 4198 m
968 4160 1032 4202 eum
1054 4143 1156 4199 eodem
1178 4140 1325 4197 Fridcrico
1340 4140 1406 4195 istic
1420 4140 1582 4198 exercitum
1601 4155 1790 4215 congregare,

92 4228 276 4286 Giselbertus
293 4229 349 4284 dux
367 4229 519 4284 dedecoris
531 4228 664 4298 iniuriam
678 4227 769 4285 ultum
781 4230 823 4285 irc
836 4231 914 4286 lesti·
961 4235 1067 4304 sieque
1092 4231 1152 4302 rogi
1169 4231 1196 4286 in
1213 4228 1325 4285 alsacia
1350 4229 1477 4285 manenti
1503 4228 1611 4285 bellum
1636 4229 1791 4288 maximum

91 4317 458 4387 nans,colleetoexcreitn,
470 4321 536 4389 post
547 4317 658 4373 hostem
670 4316 824 4388 accelerat,
836 4323 913 4374 tran·
970 4336 1136 4396 preparare.
1154 4321 1281 4389 Cumque
1292 4318 1343 4375 illo
1356 4318 1490 4375 tenderet
1504 4318 1580 4375 idem
1595 4318 1791 4392 archiepisco·

91 4406 226 4477 aiensque
238 4407 379 4476 Rhenum,
391 4411 496 4461 terrain
509 4406 587 4461 illam
600 4406 662 4461 solo
676 4411 758 4463 terius
770 4406 912 4464 incendiis
969 4427 1032 4484 pus,
1043 4413 1190 4482 insperate
1201 4412 1390 4464 occurrentes
1402 4407 1427 4463 ei
1440 4406 1535 4464 nuncii
1548 4411 1670 4466 mortem
1678 4407 1737 4479 jam
1748 4422 1794 4466 se·

90 4495 258 4566 ingentibus
272 4500 380 4565 vastat,
397 4502 593 4552 armentorum
608 4496 695 4552 etiam
712 4495 912 4567 pecudumque
927 4473 953 4534 D
969 4502 1034 4573 pius
1049 4498 1263 4555 nominatorum
1275 4496 1301 4552 ei
1314 4495 1528 4554 indicaverunt.
1541 4496 1603 4563 Quo
1614 4497 1716 4555 audito
1726 4512 1793 4556 con·

90 4585 210 4657 predam
221 4584 335 4640 nimiam
345 4584 495 4641 exereitus
504 4589 661 4654 congregat
671 4589 702 4641 et
711 4584 838 4641 abducit.
852 4587 912 4642 tam
968 4590 1117 4645 sternatus
1128 4585 1233 4654 animo,
1245 4584 1312 4654 qrrirl
1325 4590 1426 4654 ageret
1438 4585 1600 4655 ignorabat.
1613 4585 1727 4644 interea
1740 4600 1792 4643 ren
1835 4611 1847 4631 .-

90 4689 161 4731 vero
178 4675 282 4730 llumen
299 4672 411 4743 ingredi
430 4673 580 4743 parabant,
598 4677 626 4728 ot
646 4687 714 4729 ecce
731 4673 800 4728 Otto
816 4672 862 4707 ¹³⁹⁹
877 4689 913 4730 cn
968 4676 1111 4733 dlsaciam
1141 4675 1290 4742 deserens,
1323 4673 1472 4728 l'raneiam
1500 4673 1673 4745 occupabat.
1701 4673 1789 4745 Cujus
1820 4696 1824 4702 ·

91 4762 910 4833 totaSaxoniacollectaseopiasaecrelerantibusinduxit.
968 4771 1045 4823 metu
1066 4763 1218 4834 diogenus
1234 4761 1314 4818 cives
1330 4761 1491 4833 perterriti,
1509 4761 1679 4819 redeuntem
1696 4761 1791 4818 arehi-

92 4853 187 4924 Belga
199 4853 369 4922 itaquceum
380 4851 453 4907 disee
463 4867 516 4907 suo
527 4851 727 4907 indubitanter
739 4853 910 4924 restitantes,
967 4854 1136 4927 episcopum
1147 4851 1224 4908 intra
1236 4850 1318 4907 urbis
1329 4851 1432 4905 inuenia
1447 4862 1502 4905 non
1518 4849 1691 4923 suscipiunt.
1709 4849 1791 4907 Unde

89 4957 156 5000 curn
173 4941 323 4998 Gernmnis
335 4955 420 4996 secus
434 4940 536 4995 Biiruen
552 4939 643 5009 signis
658 4939 773 4998 infestis
789 4941 913 5012 ingrcssi
969 4944 1143 5012 factumest,
1157 4944 1187 4996 ut
1201 4954 1255 4995 non
1269 4938 1361 4994 inulto
1373 4943 1439 5009 post
1451 4938 1602 5009 squaedam
1617 4937 1695 5009 regis
1712 4937 1791 4995 fideli

91 5034 170 5100 sunt,
184 5036 259 5086 etex
272 5034 396 5099 utraque
410 5034 494 5099 parte
510 5027 591 5084 multi
608 5029 777 5084 tunduntur.
795 5029 855 5096 Qua
867 5030 913 5086 die
968 5033 1072 5104 eaptus
1095 5033 1123 5085 et
1146 5028 1172 5084 in
1195 5027 1238 5084 sui
1260 5026 1436 5098 presentiam
1461 5026 1578 5099 ductus,
1602 5025 1747 5084 custodiae
1763 5026 1791 5084 in

769 5118 887 5175 vaillll
907 5119 1108 5179 Lectiones,

128 5205 304 5278 ¹³⁰¹poterat
330 5211 353 5258 a.
404 5203 587 5261 ¹³⁹³soeimus
608 5208 645 5260 9⁰.
698 5204 840 5264 ¹³⁹‘eteest
859 5212 902 5265 10.
928 5214 971 5264 tl.
1024 5203 1312 5263 ¹³⁰⁶luodewicust5.
1367 5200 1792 5275 ¹³⁹⁶oni1ne.presensenim

90 5280 194 5336 erati.
234 5276 743 5346 ¹⁸⁹⁷lnolewigumaetitasapies.
782 5276 991 5336 ”artemon
1031 5273 1351 5333 ¹⁸⁰⁹ext.s.0ttoBl.
1392 5271 1565 5331 ¹⁶⁰⁰deestb.
1605 5271 1791 5332 ¹⁸⁰¹inunda

90 5354 117 5405 9.
158 5347 395 5404 “maritumos
417 5349 534 5402 ldbl.
575 5345 752 5404 ¹⁴⁰³deestb.
791 5346 1029 5407 ¹⁴⁰‘bertb01dus
1051 5343 1432 5404 l)1.10.l1berebtoldus
1460 5349 1485 5399 5.
1507 5344 1660 5402 bertoldus
1699 5348 1723 5400 t.
1749 5349 1789 5401 9⁰.

90 5419 137 5453 ¹⁴⁰⁶
154 5418 195 5474 illi
212 5423 237 5473 d.
254 5423 293 5474 9⁰.
312 5418 459 5473 10.ll.l1.
481 5433 507 5472 er
528 5433 552 5474 e.
575 5432 639 5488 cop.
658 5422 682 5473 l.
722 5416 1013 5490 ¹⁸⁰⁶oonjungerctt.
1054 5418 1098 5451 ¹⁸⁰⁷
1118 5415 1291 5473 bertholdus
1309 5416 1415 5470 ubl.
1431 5413 1572 5488 ettafra.
1606 5415 1652 5449 ¹⁶⁰⁸
1667 5415 1747 5473 deest
1761 5423 1787 5472 a.

127 5594 201 5668 (2³6)
218 5594 258 5651 Gi.
277 5609 341 5666 quae
358 5593 386 5650 in
401 5593 480 5652 notis
495 5593 610 5652 Bieheri
625 5593 747 5652 editioni
763 5611 798 5651 cx
813 5507 1107 5654 Egkfflss'addpae
1124 5597 1192 5650 sunt
1209 5589 1363 5648 lectiones.
