3788 6000
144 225 203 290 las

942 193 1063 281 viru.

1788 224 1846 287 lat

145 380 208 420 rum
221 360 348 418 instituit
362 359 518 430 actionum,
529 365 558 416 ut
572 359 738 416 nullatenus
749 361 831 412 extra
845 354 965 408 limitem
982 357 1007 415 A
1025 354 1102 409 mino
1119 355 1321 414 demonstrare
1337 359 1414 430 quod
1440 364 1549 430 quanto
1573 355 1692 431 gravior
1716 360 1845 431 morbus,

142 451 267 522 iustitiae
285 450 432 522 propriam
446 449 555 505 sineret
571 449 670 504 elllurc
686 446 840 502 actionem.

128 538 135 548 '
180 541 216 597 24
231 540 300 594 llinc
318 539 448 610 prolecto
469 537 580 594 felicem
602 552 634 592 ae
655 535 721 605 jure
747 536 863 589 beatum
880 529 967 586 talem

147 629 268 686 dixerim
285 629 378 683 rirum
390 627 438 697 qni
454 631 481 681 el
494 625 703 682 ecclesiastice
718 621 879 693 disciplinae
890 619 970 688 rigo-

148 733 207 774 rem
226 716 343 773 lortiter
359 715 462 783 tenuit,
475 718 503 769 et
521 718 615 769 lartren
627 716 748 767 matrem
762 711 903 765 virtutum
915 707 971 763 dis-

148 805 307 862 cretionem
332 817 477 872 nunquam
495 800 636 857 desernit.
656 799 744 867 Cujus
761 802 790 851 nl
804 811 900 851 mores
924 794 970 850 rel

148 901 232 951 actus
248 893 414 949 summatim
438 890 642 962 perstringam,
661 889 715 943 lnit
729 887 786 942 rita
804 884 969 950 laudabilis,

147 983 394 1040 verbodisoretus
407 985 436 1034 ct
447 978 537 1047 utilis,
547 977 669 1034 consilio
682 976 831 1048 providus,
843 972 972 1029 moribus

147 1078 279 1138 ornatus,
297 1068 471 1124 allabililatc
488 1067 655 1135 mellilluus,
673 1066 839 1121 misericors
853 1070 882 1117 ut
894 1059 972 1115 beni-

145 1176 230 1231 gnus,
247 1174 357 1231 pronus
373 1158 543 1227 adveniam,
561 1156 663 1211 tardus
679 1154 713 1209 ad
731 1154 819 1215 iram;
834 1166 884 1223 per
912 1151 972 1221 ple-

147 1249 217 1306 tatis
233 1250 378 1316 allectum,
392 1247 518 1302 omnium
539 1243 777 1300 condescendens
789 1239 972 1296 necessituti-

149 1340 204 1394 bus
219 1338 402 1404 miserorum,
416 1335 498 1405 Juxta
516 1335 631 1388 boatum
648 1334 711 1395 Jub,
729 1335 811 1402 pater
825 1335 888 1384 erat
906 1342 973 1398 pun.

150 1441 251 1498 perum
269 1424 334 1491 (dol)
356 1439 431 1488 xxxx,
452 1421 706 1494 inquamnondum
726 1418 903 1485 consolator,
922 1432 973 1487 pu—

148 1515 287 1586 pillorum
305 1512 442 1581 adiutem
460 1526 515 1566 nen
532 1511 667 1580 despexit
683 1510 805 1578 inopem,
825 1522 875 1561 nee
892 1504 972 1560 dimi-

149 1604 188 1658 sit
212 1604 323 1672 absque
351 1599 532 1670 mrerimenlo
558 1613 728 1669 paupercnm
744 1595 817 1651 alios
837 1596 972 1649 rcl'orens

1026 445 1264 514 tantopotontior
1285 445 1693 517 omnipotenscredendusest
1705 447 1845 506 medicus.

1025 532 1153 601 Cumque
1169 531 1204 588 de
1219 532 1290 590 solis
1304 533 1367 603 ejus
1380 536 1687 607 agerctnrexsequiis,
1700 535 1782 594 lento
1803 552 1848 593 so·

1024 632 1095 688 pore
1119 621 1289 692 corripitur,
1306 623 1445 695 videtque
1466 639 1517 696 per
1550 625 1693 682 somnium
1714 625 1848 681 domnam

1025 708 1209 779 aspendum,
1222 709 1280 780 jam
1299 711 1529 770 immortalitatis
1551 713 1616 771 luce
1641 713 1776 785 potitam,
1793 714 1848 770 sibi

1025 794 1849 873 assistet-o,compatientisqueallectu,manutotumcor-

1028 898 1081 953 pus
1105 886 1322 955 permulcendo.
1339 888 1394 943 vim
1418 889 1529 947 doloris
1551 891 1652 947 lenire.
1664 891 1734 946 lude
1754 895 1848 947 orato

1027 971 1111 1041 rium,
1121 972 1247 1041 jacentis
1263 975 1526 1050 lectoeenlignum,
1538 980 1671 1049 ingressa
1691 979 1793 1047 tertio,
1802 978 1848 1035 lle·

1027 1060 1071 1115 xis
1086 1062 1208 1130 genibus
1218 1065 1469 1137 adoravit;sioque
1481 1083 1570 1140 super
1581 1071 1723 1139 aegrotum
1736 1068 1847 1138 signum

1027 1156 1135 1207 sanctae
1150 1154 1248 1209 crucis
1259 1155 1434 1225 exprimens,
1444 1156 1597 1228 disparuit.
1608 1157 1690 1214 lllico
1701 1156 1798 1213 virtus
1810 1156 1849 1212 di·

1028 1238 1092 1294 vina
1104 1247 1148 1296 ost
1160 1242 1332 1299 subsecuta:
1345 1260 1407 1299 nam
1419 1250 1483 1316 post
1494 1261 1604 1317 paucos
1614 1245 1677 1302 dies
1687 1244 1847 1314 convaluit,

1029 1326 1140 1398 integra
1157 1332 1301 1401 sospitate
1319 1336 1445 1404 accepia.
1463 1334 1544 1390 Unde
1560 1349 1612 1391 nec
1637 1334 1758 1391 dubium
1787 1348 1850 1390 exs-

1027 1416 1099 1487 titit,
1117 1418 1167 1474 illo
1183 1420 1242 1476 visa
1256 1421 1511 1494 pamlente,ipsius
1527 1422 1755 1494 suffragantibus
1766 1421 1851 1479 meri-

1031 1505 1078 1576 tis,
1092 1511 1207 1563 orntum
1225 1508 1305 1565 illum
1323 1510 1493 1568 deeondnio
1508 1513 1738 1569 montisfuerat
1752 1517 1849 1569 autem

1027 1597 1086 1648 tam
1104 1595 1329 1654 immanissimus
1347 1598 1478 1669 languor,
1492 1606 1522 1657 ut
1539 1600 1664 1672 aplanta
1684 1600 1791 1671 pedum
1805 1615 1851 1671 qs-

151 1693 242 1747 nerbo
258 1688 480 1757 consolationis,
499 1687 571 1743 alies
582 1701 636 1758 ope
649 1683 914 1756 relevanspietatis.
929 1684 970 1737 ιιι]
986 1716 1012 1775 Β
1028 1696 1084 1752 quc
1101 1682 1136 1739 ad
1153 1685 1293 1741 verticem
1309 1687 1337 1741 in
1354 1702 1388 1742 eo
1405 1703 1461 1743 non
1476 1693 1555 1744 esset
1571 1689 1700 1756 sanitas;
1716 1687 1767 1745 sed
1789 1692 1850 1744 tota

150 1780 272 1836 infantia
287 1780 375 1833 [lenm
390 1777 493 1831 timere
510 1776 612 1831 didicit
627 1790 662 1830 cx
679 1780 763 1830 uteru
777 1773 851 1828 eninr
872 1787 970 1828 seeum
1028 1773 1238 1842 corporiscute
1249 1776 1411 1847 subtracta,
1421 1791 1453 1833 ae
1463 1776 1486 1833 si
1500 1777 1722 1832 neterebomine
1732 1781 1848 1848 exutus,

148 1883 265 1938 egressa
275 1867 425 1923 miseratio
436 1867 538 1922 erevit.
549 1867 621 1920 brea
633 1864 731 1920 cordis
739 1863 849 1932 jugiter
862 1862 969 1917 relerm
1028 1862 1138 1916 recenti
1155 1864 1236 1919 eorio
1251 1880 1316 1921 cum
1332 1864 1427 1922 salute
1442 1871 1488 1921 est
1500 1866 1720 1938 superindutus.

148 1961 221 2014 bona
244 1957 406 2026 voluntate,
424 1970 578 2024 numquam
608 1968 697 2009 rauna
725 1967 827 2008 manus
854 1950 968 2006 exstitit
1062 1954 1144 2006 altat
1168 1966 1237 2007 veru
1261 1952 1420 2023 praedictus
1441 1955 1518 2010 beati
1544 1953 1716 2026 ll'olpbelmi
1738 1968 1851 2025 germa-

147 2060 275 2103 muncre.
294 2047 456 2116 Paupornm
473 2045 527 2099 sibi
545 2044 621 2114 apud
638 2046 725 2098 licum
738 2042 778 2097 sie
795 2041 970 2096 eortciliabat
1027 2053 1092 2108 nus,
1112 2040 1236 2096 domnus
1253 2041 1388 2098 videlicet
1415 2042 1596 2113 l'rumoldns,
1612 2044 1701 2100 armis
1724 2049 1849 2100 terrenas

146 2133 308 2205 patrocinia
325 2132 444 2199 ,latiens
463 2130 969 2200 sibiamieusdeiniquemammona,
1027 2125 1138 2182 militiae
1155 2128 1381 2198 exnlus‚seillis
1393 2130 1537 2201 implicari
1550 2131 1697 2188 recusavit
1714 2129 1848 2201 ulterius,

147 2222 195 2292 qni
213 2236 278 2276 cum
296 2221 469 2292 quandoque
486 2221 653 2291 reciperent
669 2220 695 2274 in
712 2224 819 2274 aeterna
838 2218 971 2272 taberna·
1027 2223 1059 2272 ut
1076 2219 1132 2272 beo
1148 2219 1259 2274 serviro
1277 2225 1374 2290 pessel
1399 2222 1575 2292 expeditius.
1593 2221 1727 2278 Studium
1750 2220 1850 2293 itaque

145 2309 211 2367 cula
230 2311 424 2380 (Laertie).
443 2311 482 2364 Ne
507 2315 603 2366 autom
634 2308 769 2364 mundum
799 2305 863 2377 plus
889 2304 970 2373 iustu
1027 2307 1273 2376 peregrinationis
1288 2310 1441 2380 arripiens,
1460 2325 1494 2365 ne
1510 2309 1592 2366 exsul
1607 2310 1740 2367 celestis
1768 2310 1852 2366 lieret

145 2398 298 2455 videretur
314 2398 446 2467 diligere,
465 2399 570 2454 mundo
586 2398 769 2452 solummodo
784 2409 854 2452 usus
867 2397 911 2449 cst
935 2392 970 2448 ad
1027 2395 1140 2466 patrie,
1149 2396 1225 2450 omni
1244 2397 1356 2467 reliquo
1372 2399 1439 2453 ritae
1453 2413 1513 2454 suae
1530 2403 1661 2470 tempore
1677 2399 1765 2468 longe
1781 2398 1851 2455 lale

146 2489 362 2557 necessitatem,
387 2504 440 2543 nen
469 2489 503 2542 ad
535 2486 709 2558 superfluam
735 2483 968 2540 delectationem.
1029 2497 1093 2552 que,
1112 2484 1146 2538 ad
1166 2485 1356 2554 promerenda
1374 2490 1540 2543 sanctorum
1554 2486 1852 2558 patrocinia,sestu-

146 2577 254 2632 lt'oxias
270 2577 377 2647 quippo
393 2577 428 2630 ab
454 2577 549 2630 anirnc
565 2575 724 2639 excludens
745 2572 968 2640 delectationes,
1028 2573 1850 2646 dnitcxsiliare,unotanlumcontentusservulocomite,

42 2651 45 2656 ’
72 2714 75 2719 .
148 2665 327 2735 apostolicas
342 2664 536 2720 aemulabatur
554 2663 710 2718 traditione
730 2676 855 2733 ,eorpus
871 2658 972 2716 rideli-
1027 2662 1073 2717 cul
1091 2667 1187 2717 tumen
1205 2679 1287 2720 versa
1299 2665 1372 2734 vicu,
1391 2671 1421 2720 ut
1437 2664 1513 2721 alter
1526 2665 1731 2735 llartiuus,bic
1745 2667 1852 2739 saepius

149 2753 353 2821 ceteastigare
368 2757 397 2807 et
414 2753 440 2806 in
458 2753 628 2807 servitutem
643 2752 775 2819 redigere
793 2751 824 2820 (I
836 2755 899 2806 Gor.
919 2750 970 2819 rx),
1027 2751 1178 2805 consuerit
1197 2752 1373 2809 nrinistrarc.
1392 2754 1473 2819 Quod
1488 2769 1580 2824 genus
1595 2752 1851 2825 diviuaepropilia·

148 2846 178 2896 ut
195 2844 384 2897 extenuatum
394 2839 565 2896 cmlcstibus
577 2838 740 2910 disciplinis
751 2845 910 2909 rasoptum
923 2837 971 2892 sre-
1029 2839 1115 2895 liunis
1131 2839 1181 2895 illo
1199 2841 1322 2910 pedibus
1334 2841 1445 2910 iugiter
1461 2848 1641 2913 exsequente
1667 2842 1764 2913 nudis,
1778 2841 1851 2898 adeo

146 2933 192 2985 ret
204 2922 806 2985 sanctificationis.Noveralenimanimum
820 2939 970 2996 nonposse
1026 2926 1134 2997 saepius
1152 2927 1278 2984 uidimus
1295 2943 1358 2984 enm
1387 2929 1511 2985 liventes
1536 2929 1652 3000 plantas
1680 2928 1802 2999 babere,
1819 2931 1851 2985 ut

147 3018 278 3087 legitime
296 3018 418 3089 imperio
431 3017 551 3088 perl'rui,
564 3016 724 3072 nisiearnis
743 3021 837 3071 motus
855 3015 971 3084 penitus
1027 3015 1103 3071 nula
1122 3016 1233 3072 ratione
1249 3018 1445 3074 calceamenta
1461 3017 1573 3073 valeret
1596 3017 1763 3073 admittere.
1782 3017 1851 3072 Erat

144 3111 241 3164 essent
259 3107 489 3177 subjugalium
507 3107 632 3177 deniqne
649 3107 705 3162 ritu
725 3105 860 3160 sacrificii
880 3105 906 3158 in
924 3102 968 3158 sni
986 3065 1010 3127 C
1025 3097 1112 3160 etialn
1127 3106 1153 3160 ci
1170 3107 1310 3162 solemnis
1325 3109 1517 3177 consuetudo,
1535 3107 1662 3178 quandiu
1674 3105 1851 3164 addivinum

145 3196 243 3252 cordis
256 3196 455 3267 penetralibus
478 3197 601 3251 bostium
627 3195 721 3250 rixam
744 3199 883 3262 sanctam,
901 3196 971 3248 lieo-
1026 3194 1052 3248 in
1069 3195 1193 3250 ecclesia
1210 3195 1368 3252 assistebat
1384 3197 1522 3268 oldcium,
1540 3195 1713 3253 omnimodis
1724 3195 1850 3265 alicujus

147 3298 203 3353 qne
220 3283 382 3353 placentem
414 3298 442 3339 se
458 3282 589 3338 exbibnlt
608 3284 755 3352 (Borean,
774 3289 811 3351 ι),
829 3281 895 3336 dnm
913 3281 969 3337 sin·
1027 3283 1120 3339 vitare
1136 3283 1329 3355 colloquium:
1347 3287 1397 3342 sed
1414 3293 1505 3355 stans,
1523 3285 1566 3340 rcl
1580 3285 1658 3341 hmni
1678 3289 1849 3356 prostratus

145 3371 222 3440 gulis
235 3371 349 3439 diebus,
359 3387 422 3427 cum
436 3370 774 3441 sacrosanctiscorporis
784 3369 969 3439 ctsanguinis
1025 3385 1123 3441 orans,
1133 3378 1213 3430 tanta
1227 3375 1364 3445 lacrymor
1374 3390 1414 3431 un
1432 3375 1850 3446 potiebaturubertate‚utve-

148 3459 256 3514 Christi
269 3460 417 3529 mysteriis
428 3473 479 3530 per
490 3459 856 3529 cernpnnetionisgratiam
869 3459 967 3515 sescin
1026 3458 1067 3514 lut
1085 3460 1176 3517 imbre
1189 3464 1347 3532 perfusum,
1368 3462 1513 3519 madidum
1526 3461 1677 3533 reliquerit
1703 3461 1852 3533 pavimen·

146 3547 349 3605 holocaustum
366 3549 512 3605 mactavit.
1026 3550 1178 3604 tumllane
1195 3552 1428 3622 compunctionis
1441 3552 1564 3620 gratiam
1576 3565 1628 3623 per
1644 3549 1773 3606 divinam
1786 3565 1851 3623 pos·

180 3641 223 3692 ab.
240 3637 401 3693 Exstiterat
418 3637 662 3693 buiebeatissimo
677 3637 740 3693 viro
753 3637 843 3691 lrnter
858 3651 969 3705 germa-
1025 3636 1123 3692 sidens
1135 3637 1329 3710 clementiam,
1345 3640 1495 3696 custodem
1512 3641 1539 3694 in
1552 3654 1582 3695 so
1598 3637 1779 3709 reliquarum
1803 3640 1851 3697 (le

147 3741 212 3796 nus,
226 3725 399 3781 Frumoldus
416 3726 471 3794 (181
491 3726 615 3791 nominc,
634 3741 751 3781 sorores
771 3725 971 3784 sanctimonia.
1025 3726 1139 3796 putarit
1155 3741 1219 3783 esse
1232 3729 1393 3793 virtutum;
1411 3728 1602 3800 quianullum
1618 3729 1779 3800 penitusei
1803 3729 1852 3786 do

148 3814 190 3871 les
206 3813 281 3882 duas,
300 3829 420 3884 qnorum
444 3829 509 3883 rina,
522 3814 664 3870 Osircnda
678 3814 890 3882 nourine,mirm
903 3814 969 3870 sim-
1025 3814 1128 3869 minari
1145 3817 1224 3871 norit
1241 3816 1391 3888 delictum,
1407 3819 1490 3888 eujus
1506 3832 1587 3874 inens
1602 3817 1852 3891 sedulocompun·

146 3903 290 3976 plieitalis
300 3904 511 3960 elinnocenlrae
524 3903 575 3959 luit
586 3904 700 3967 lemina;
713 3904 894 3971 alterarcro,
904 3905 970 3959 Ber·
1024 3905 1105 3974 gitur
1122 3906 1156 3961 ad
1169 3905 1337 3962 lamentum.
1354 3907 1424 3974 Quis
1435 3908 1511 3963 hunc
1524 3906 1726 3964 fidelissimum
1737 3907 1849 3965 Domini

145 3998 173 4050 ta
193 3999 370 4065 nuncupata,
390 3993 553 4048 litterarum
571 3992 727 4063 plurimum
740 3993 859 4048 emicuit
877 3992 970 4047 scien·
1025 3991 1215 4065 dubitaverit,
1233 3995 1445 4066 serrumom'us
1461 3996 1612 4052 exsecutio
1641 3997 1847 4054 mandatorum

108 4128 110 4133 ,
145 4082 196 4138 tia.
214 4084 283 4138 Haee
300 4082 356 4153 (tu)
373 4081 462 4138 vitam
480 4083 572 4138 beatae
586 4081 765 4150 adelheidis,
784 4082 884 4150 primae
897 4080 970 4135 Vilc·
1025 4086 1084 4135 tam
1110 4082 1230 4138 evidens
1246 4083 1358 4138 meritis
1379 4083 1459 4140 illius
1489 4084 1600 4155 praebet
1627 4084 1848 4143 testimonium?

144 4170 242 4228 censis
253 4170 552 4240 abbatissae,eleganti
566 4169 802 4226 satisndmodum
816 4169 892 4241 stylo
903 4184 970 4224 con·
1026 4167 1163 4233 Quatnvis
1178 4171 1285 4226 etenim
1298 4172 1325 4225 in
1340 4187 1410 4242 pace
1422 4172 1576 4244 praesentis
1589 4172 1851 4232 vilaeeonsumma·

146 4259 491 4331 scripsil,etplurimnm
515 4258 664 4327 religionis
679 4258 724 4312 rel
753 4258 881 4314 scientiae
911 4272 969 4313 suae
1027 4257 1102 4311 verit
1118 4273 1247 4326 cursum,
1260 4258 1389 4330 explevit
1405 4265 1499 4316 tamon
1516 4261 1698 4332 martyrium,
1712 4267 1850 4334 satagens

148 4347 275 4405 fructum
284 4348 311 4403 in
323 4348 425 4403 eodem
438 4347 503 4403 loco
515 4346 726 4417 dereliquitllc
735 4346 819 4414 cujus
832 4346 968 4417 praedicta
1028 4345 1199 4401 crucillxunr
1212 4346 1320 4403 babere
1330 4350 1477 4419 mundum,
1487 4349 1553 4405 dum
1563 4363 1680 4406 carnem
1692 4365 1775 4408 snam
1786 4365 1852 4409 eum

149 4449 261 4504 sorore,
275 4435 378 4491 domna
395 4435 532 4491 videlicet
545 4436 817 4504 Ostrenda,nostris
833 4435 970 4506 tempori·
984 4423 1012 4484 D
1027 4435 1108 4490 vitiis
1118 4437 1403 4507 eteoncupiscentiis
1414 4437 1852 4509 crucifixit,et,llominumllde·

149 4523 203 4579 bus
229 4523 334 4579 lactum
361 4523 432 4578 libet
459 4523 569 4580 relerro
593 4524 774 4595 miraculum,
791 4524 867 4580 omni
902 4538 970 4580 sane

149 4610 236 4668 laude
253 4611 390 4667 memoria
412 4616 440 4666 el
460 4612 647 4668 veneratione
675 4612 886 4682 dignissimum.
905 4612 972 4677 Qui-

149 4700 214 4771 dum
234 4701 372 4755 lraterex
389 4700 522 4757 coenobie
535 4700 969 4771 brunwilerensi,Udonomine,

150 4789 222 4846 adeo
233 4788 357 4860 pessima
370 4787 519 4845 laborabat
537 4789 714 4858 indemitate,
732 4795 762 4845 ut
772 4804 873 4844 omnes
888 4803 972 4859 cogo·

151 4883 251 4935 rentur
268 4877 303 4933 de
318 4877 381 4947 ejus
393 4877 548 4949 desperare
557 4877 661 4934 salute.
674 4878 803 4948 Denique
815 4881 878 4934 toto
890 4877 972 4935 mise-

151 4966 284 5024 rabiliter
304 4965 517 5023 intumescente
533 4982 668 5037 eorpore,
688 4967 814 5023 onmium
831 4966 972 5022 membro-

151 5068 214 5110 rum
228 5056 332 5112 amissa
355 5055 490 5126 sanitate,
506 5058 612 5111 trunco
631 5055 728 5127 potius
751 5070 835 5126 quam
848 5056 972 5112 bumane

151 5144 267 5215 corpori
283 5144 439 5201 videbatur
451 5144 565 5211 similis,
583 5144 718 5214 qnodque
733 5145 856 5200 maxime
869 5145 972 5201 mortis

151 5230 289 5287 indicium
312 5231 532 5302 soletexistcre,
556 5232 878 5289 nullumremediumilli
897 5233 974 5288 adhi-

152 5319 244 5376 bitum
269 5319 360 5375 valuit
382 5322 539 5392 prolicere;
556 5321 682 5391 volente,
703 5326 733 5377 nt
747 5321 904 5391 eredimus,
921 5325 974 5379 llo

188 5427 244 5498 (18)
261 5424 447 5485 rrumoldun
457 5434 487 5485 et
499 5429 671 5487 Oswennam
683 5428 760 5487 inter
771 5429 844 5487 alios
856 5435 975 5490 sanctos

152 5503 303 5560 enumerat
326 5496 462 5556 Gelenius
486 5500 515 5557 in
544 5501 629 5559 lastis
650 5501 881 5571 coloniensibus,
900 5517 972 5574 quos

1028 4523 1096 4578 liter
1112 4537 1248 4595 sequens,
1262 4526 1368 4581 inundo
1383 4527 1557 4596 peregrinus
1568 4526 1754 4584 exstititllic
1767 4528 1850 4585 coeti·

1028 4613 1082 4667 bns
1095 4611 1254 4683 justorum,
1274 4618 1305 4668 ut
1319 4614 1502 4687 confluimus,
1520 4614 1704 4686 conjunctus,
1720 4615 1749 4672 in
1760 4614 1853 4674 ecele-

1028 4700 1068 4756 sia
1094 4699 1219 4772 p‘ropriae
1244 4704 1439 4773 possessionis
1469 4703 1594 4782 quiescit
1622 4703 1767 4778 sepultus.
1785 4706 1852 4763 Haeo

1029 4802 1119 4861 pauca
1137 4789 1247 4859 prolata
1261 4790 1405 4846 suldeiant
1418 4790 1453 4847 ad
1464 4791 1633 4847 sanctitatis
1649 4791 1852 4850 testimonium

1029 4878 1188 4935 beatissimi
1216 4880 1311 4950 l‘atris
1333 4880 1504 4953 Wulpbelmi
1524 4885 1555 4937 et
1576 4880 1724 4938 Frumoldi
1740 4895 1852 4954 germa-

1028 4982 1140 5024 norum.

1062 5058 1106 5114 27.
1126 5060 1192 5114 l‘rat
1209 5063 1276 5116 lunc
1298 5060 1439 5132 temporis
1470 5059 1515 5117 vir
1533 5059 1650 5132 quidam
1665 5072 1776 5130 genere
1804 5073 1854 5117 no·

1030 5147 1107 5217 bilis,
1126 5147 1176 5203 sed
1201 5148 1331 5205 moribus
1360 5147 1495 5219 nobilior,
1512 5147 1699 5206 burchardus
1724 5148 1852 5221 nomino,

1030 5236 1397 5309 praelcctoriaedignitatis,
1414 5238 1464 5294 sed
1492 5243 1521 5293 et
1551 5241 1721 5309 prepotens
1750 5235 1852 5310 armis,

1030 5326 1078 5397 qni
1113 5338 1269 5395 germanus
1303 5325 1420 5382 exstitit
1458 5324 1649 5385 illustrissimi
1683 5324 1739 5383 viri
1772 5325 1857 5383 Eine·

1030 5437 1126 5489 tamen
1142 5435 1309 5514 sanctorum
1323 5430 1458 5503 catalogo
1469 5431 1683 5561 ascrzptosnon
1703 5435 1853 5506 putamus.

1065 5502 1122 5578 (ιιι)
1138 5504 1218 5562 llaec
1228 5503 1323 5561 vitam
1338 5501 1429 5563 habes
1443 5506 1523 5563 tomo
1564 5503 1653 5577 buxus
1665 5502 1782 5564 muli.
