3788 5992
93 170 153 234 869
716 170 966 240 CHRONICON.
986 211 1019 222 -
1034 172 1111 241 LIB.
1128 176 1165 242 ll.
1747 178 1806 246 870

95 318 187 380 opera
203 320 314 371 eorum,
334 323 377 367 ne
392 310 468 368 omni
485 308 669 371 lacrimarum
690 308 770 371 lente
784 311 922 386 plangeo-
936 306 964 372 a
980 307 1076 372 miuus
1088 324 1233 387 curarem,
1250 324 1280 371 er
1304 309 1430 373 cessisse
1453 326 1503 373 eos
1524 314 1612 387 atque
1636 313 1673 374 ab
1695 313 1801 389 inperia

95 394 177 469 dum,
194 413 251 470 qno
273 414 356 455 nemo
382 400 474 469 magis
498 406 617 463 uocerct
641 403 669 457 iu
692 402 835 474 aeeclesia,
853 418 922 474 qno·
977 406 1078 460 nostra
1095 418 1239 474 cessasse,
1258 419 1310 474 pro
1324 418 1359 461 eo
1375 404 1451 475 quod
1476 408 1599 461 conatus
1621 420 1720 464 corum
1741 407 1799 479 jam

95 485 172 543 niarn
188 493 217 544 et
231 504 366 560 perverse
378 489 519 553 vivebam,
535 491 719 561 speciemque
730 491 881 562 religionis
892 496 919 550 et
977 492 1106 548 secundo
1121 492 1223 549 irritus
1238 493 1336 549 lactus
1357 498 1430 563 crat,
1448 492 1608 562 crederem,
1624 500 1653 550 et
1677 495 1800 553 maxime

95 573 196 632 locum
211 577 392 648 praelatiouis
413 578 521 634 babere
537 579 666 636 videbar.
686 579 848 636 clamabam
865 595 919 637 non
977 595 1028 650 pro
1042 580 1104 650 jugi
1115 595 1215 638 corum
1227 581 1379 651 obsequio,
1393 580 1441 652 qui
1452 583 1550 637 tamen
1562 596 1618 638 non
1631 582 1799 655 satisaptus
1863 653 1869 657 Ι

94 677 186 735 parvo
198 664 314 734 allecte,
327 665 442 721 interno
455 671 565 721 tantum
578 668 677 724 cordis
688 668 808 739 gemitu,
821 683 872 725 ore
884 669 922 724 si·
975 672 1004 723 et
1022 668 1086 725 ideo
1099 683 1200 740 parum
1212 674 1438 740 erataceoptns,
1452 669 1492 725 ita
1506 674 1537 727 ut
1549 669 1636 726 etiam
1649 671 1801 728 relerenti·

94 749 179 822 lenti,
193 754 270 823 quod
282 757 313 808 tu
326 753 424 824 dabas,
439 755 515 824 qnod
527 755 607 811 cordi
621 756 815 827 aspiraveras,
830 771 921 828 usque
978 757 1031 813 bus
1047 772 1101 812 non
1117 757 1280 826 crederem,
1297 758 1375 813 sensi
1391 756 1507 813 taudem
1528 762 1556 813 ct
1582 763 1723 831 expertus
1736 773 1799 815 sum

93 841 129 895 ad
161 841 224 897 oris
253 842 454 912 sirll'usioneur,
476 848 506 898 et
530 844 619 899 credo
647 845 722 914 quod
753 845 921 901 exaudieris
976 859 1060 914 quern
1078 845 1125 899 vix
1140 845 1222 915 potui
1239 860 1358 916 sperare
1375 845 1515 901 dolorem.
1530 848 1649 903 Avertat
1666 849 1742 905 licus
1759 849 1801 904 iu·

93 942 196 986 vocem
214 944 314 985 meam.
330 931 491 988 ostendisti
508 933 583 987 enirn
600 947 684 989 serve
699 937 750 989 tuo
762 948 825 1004 qum
837 949 922 1005 oper·
977 934 1047 989 riam
1065 934 1137 989 banc
1154 935 1190 989 ab
1206 933 1340 991 aeeclesia
1371 936 1440 991 sna!
1457 935 1484 989 in
1509 949 1553 990 me
1576 935 1695 993 liniatur
1719 940 1801 993 tanta

93 1019 178 1074 tebat
191 1017 461 1089 bericito,loqnens
474 1036 544 1076 voce
557 1025 605 1077 tua
620 1023 732 1078 interna
744 1028 773 1078 et
786 1023 920 1093 mystica,
976 1021 1089 1078 malicia
1103 1040 1111 1088 ;
1127 1022 1181 1077 lurc
1205 1037 1267 1078 carn
1293 1022 1409 1078 venisse
1434 1022 1568 1079 solllciat.
1587 1026 1646 1081 llec
1662 1023 1800 1094 Vigilinrn

93 1105 388 1178 multaessepceeata
401 1123 473 1176 ruea,
486 1125 539 1180 pro
551 1111 657 1180 quibus
669 1111 822 1182 expiandis
833 1113 920 1167 trium
976 1110 1125 1166 diacouem
1143 1111 1169 1164 in
1187 1110 1298 1166 silverii
1317 1126 1399 1182 papae
1411 1111 1571 1167 beatissimi
1585 1113 1707 1169 armavit
1723 1114 1801 1184 deje-

93 1193 166 1250 mibi
183 1194 302 1251 daretur
318 1197 407 1267 optio,
424 1201 473 1252 aut
494 1198 596 1252 larrrcm
620 1204 784 1269 secuturam,
802 1215 856 1269 qua
872 1215 921 1271 po·
976 1199 1111 1267 ctionem,
1125 1204 1154 1254 et
1167 1198 1232 1254 drrm
1245 1198 1307 1268 ejus
1320 1200 1489 1271 concupivit
1501 1199 1799 1273 sedem,adcptusest

93 1283 167 1353 pulo
182 1282 331 1339 dilabente
346 1289 375 1340 et
392 1284 420 1339 iu
446 1290 568 1341 mortem
595 1291 697 1343 ruente
714 1291 774 1343 tcta
792 1302 921 1359 pessum·
976 1287 1170 1342 arrrrtbematis
1182 1286 1527 1357 dampnatiorrerrr;quam
1538 1288 1723 1359 postmodum
1737 1290 1799 1362 pari

92 1371 218 1428 daretur
234 1372 363 1443 abbatia,
381 1377 430 1428 aut
447 1373 693 1444 impugnationem
719 1377 919 1447 diripientium
975 1379 1055 1430 sorte
1071 1374 1212 1431 multatus
1227 1374 1365 1445 expiavit.
1379 1376 1445 1431 llaec
1458 1375 1561 1446 pestis,
1575 1380 1607 1434 ut
1618 1376 1653 1433 de
1665 1377 1799 1448 speciali,

91 1458 258 1516 vicinorum
276 1460 336 1531 pati
351 1461 501 1532 populum,
520 1477 573 1532 qua
591 1464 630 1518 ita
648 1463 871 1534 dilapidaretur,
890 1470 920 1520 ut
976 1463 1208 1538 quiainoumcra
1224 1467 1394 1531 occurrunt,
1409 1463 1524 1519 iuterim
1540 1468 1800 1535 taceamusgene·

94 1561 180 1603 mons
193 1547 254 1619 ipse
266 1548 434 1604 rarissimos
446 1549 624 1606 incoleretur
636 1552 920 1621 habitatore,autmc
976 1550 1029 1606 rali
1046 1551 1112 1605 tabe
1128 1551 1221 1605 omnia
1241 1551 1299 1605 lere
1320 1550 1411 1606 nostri
1436 1552 1578 1621 temporis
1592 1552 1724 1623 corrupit
1743 1568 1800 1608 mo-

93 1634 197 1705 ingere
214 1634 347 1692 inimicos
356 1652 435 1692 meos
447 1643 577 1708 tempore
592 1639 721 1709 praefixo,
735 1639 802 1695 illos
813 1640 921 1695 invale·
935 1662 961 1723 Β
977 1638 1125 1703 nasleria;
1142 1643 1169 1693 et
1187 1638 1298 1708 ignitus
1316 1637 1364 1694 ille
1380 1653 1502 1709 serpens
1522 1640 1801 1696 obmurmurationis

91 1738 187 1793 scere,
205 1739 250 1779 mc
269 1725 384 1780 omnino
408 1725 542 1796 delicere,
563 1730 592 1781 ut
617 1728 734 1782 curuiuo
760 1743 816 1783 non
840 1733 920 1784 essct
977 1726 1082 1782 nralum
1098 1742 1114 1783 a
1131 1725 1238 1797 populo
1252 1727 1372 1783 ludaico
1389 1725 1523 1795 migravit
1540 1727 1568 1782 in
1583 1727 1687 1792 turbas
1704 1741 1801 1783 mona·

92 1812 143 1883 qui
154 1826 199 1868 rne
211 1812 334 1869 amicum
352 1818 526 1883 agnosceret
537 1819 608 1870 eant
619 1816 712 1870 amico
724 1817 918 1887 beneiaceret,
976 1814 1107 1879 eborum,
1122 1819 1151 1869 ιιι
1161 1813 1219 1883 lam
1231 1828 1304 1885 pene
1321 1814 1356 1869 ab
1373 1813 1416 1869 eis
1433 1813 1499 1885 quis
1514 1813 1591 1870 illius
1607 1814 1700 1885 patris
1716 1815 1801 1871 bene·

91 1904 232 1957 ettamen
246 1901 362 1957 inlanria
376 1917 437 1957 rnca
450 1903 476 1957 in
489 1903 566 1957 orvrni
580 1903 729 1973 tripertito
745 1903 800 1959 boc
816 1920 921 1975 purga·
975 1902 1131 1958 dictionem
1144 1906 1293 1957 mercatur
1306 1901 1799 1973 prorsnsignoretnr;aquibusnon

92 1988 186 2044 tionis
200 2003 308 2059 genere
325 2004 380 2044 non
397 1989 519 2046 lateret:
536 2005 603 2046 esse
619 1994 716 2047 alitem
728 1993 756 2046 iu
768 1992 920 2049 voluntate
974 1994 1089 2046 tantruu
1111 1994 1226 2060 patrum
1254 1989 1385 2060 pudenda
1411 1988 1589 2058 revelantur,
1606 2004 1662 2044 non
1685 1994 1800 2047 tantum

93 2091 170 2147 mea,
189 2083 221 2133 ιιι
238 2077 462 2135 adbreviaretur
477 2078 543 2134 mali
560 2083 674 2151 tempus
695 2082 920 2149 exaggeratione
976 2078 1128 2147 iratribus
1145 2092 1246 2134 vorum
1262 2076 1412 2132 extrancis
1437 2077 1618 2148 irrisoribus
1636 2077 1687 2134 scd
1711 2077 1799 2133 ctiam

92 2164 233 2222 vindictae
248 2166 345 2221 acrius
357 2167 535 2233 inundantis,
545 2182 578 2222 an
592 2168 815 2238 prolongaretur
827 2184 921 2225 moro·
976 2167 1038 2237 ipsa
1055 2170 1175 2237 paterna
1190 2165 1305 2222 viscera
1327 2165 1511 2236 scinduntur,
1526 2165 1594 2222 durn
1620 2180 1675 2237 pax
1699 2166 1801 2250 aeccle3

92 2252 184 2310 sitate
199 2253 326 2323 alicuius
344 2254 553 2310 deliniationis.
565 2256 709 2327 Obstupui
722 2256 756 2312 ad
768 2272 867 2312 vocem
881 2256 922 2311 lo·
977 2256 1107 2324 siastica,
1123 2255 1235 2324 glutine
1259 2254 1393 2311 caritatis
1419 2254 1555 2324 rescisso,
1572 2253 1728 2310 dirimitur.
1747 2254 1800 2311 libl

93 2343 225 2412 quentis,
243 2347 273 2398 et
289 2357 354 2399 curn
370 2346 484 2398 artarer
500 2343 659 2414 responsis,
671 2344 837 2414 recogitans
854 2345 920 2414 quia
976 2359 1046 2414 ergo
1072 2343 1193 2415 privatis
1215 2343 1348 2399 consiliis
1373 2343 1569 2407 factiosorum,
1592 2357 1647 2398 nou
1673 2342 1799 2399 filiorum

93 2442 150 2499 ego
165 2444 230 2486 sum
246 2430 294 2501 qui
310 2430 438 2501 peccavi,
455 2445 509 2500 ego
531 2431 578 2501 qui
606 2432 703 2501 iniqnc
729 2432 785 2501 egi,
804 2432 921 2488 subdidi
977 2432 1104 2502 sibiipsi
1121 2432 1183 2487 visa
1195 2437 1240 2487 est
1253 2430 1617 2502 processissecalumpnla,
1630 2429 1801 2487 exoccultis

94 2531 142 2573 me
156 2517 279 2588 justitiae
295 2519 356 2589 lici,
369 2519 502 2589 quoniam
520 2521 622 2588 botrus,
639 2525 667 2574 ct
685 2519 712 2574 in
729 2519 858 2576 seculum
875 2520 921 2576 nri·
977 2519 1090 2577 insidiis
1106 2520 1141 2576 ad
1157 2524 1274 2591 apertas
1286 2519 1606 2591 prorupitinimieitias,
1619 2522 1648 2575 et
1661 2517 1736 2589 qnod
1749 2533 1800 2591 per

93 2605 258 2664 scricordia
271 2607 343 2677 ejus.
356 2607 471 2663 Timens
488 2623 556 2664 vero
573 2623 607 2663 ne
623 2608 775 2663 delicerent
789 2608 815 2663 in
832 2609 919 2666 tribu·
977 2609 1074 2665 socios
1087 2608 1298 2680 disperserant,
1311 2608 1378 2663 mibi
1392 2608 1444 2678 ipsi
1458 2608 1610 2664 inerubide
1622 2607 1695 2678 tart)
1705 2607 1800 2679 palam

94 2694 266 2764 lationibus,
278 2710 343 2751 erim
355 2710 468 2751 orarem
482 2696 625 2751 reservari
640 2695 706 2750 mibi
723 2695 838 2766 aliquos
854 2698 922 2753 anri·
978 2697 1221 2768 protestatisuut.
1232 2695 1801 2767 l'ateor,crnbui,etadmeipsuurrever·
1865 2745 1869 2751 .

92 2798 209 2852 corum,
225 2798 347 2855 quorum
363 2784 494 2840 consiliis
523 2789 704 2855 protegerer,
729 2799 784 2840 rron
808 2785 921 2856 optinui
977 2801 1037 2855 sus,
1051 2786 1185 2855 cogitans
1197 2786 1394 2856 qu‘ajucirtc
1406 2783 1695 2855 eramusmaerore
1704 2783 1801 2839 multa

93 2870 153 2927 nisi
170 2871 293 2941 gratiam
312 2872 404 2943 patris
421 2872 524 2941 nostri,
541 2889 626 2942 quem
652 2873 739 2928 ctiam
765 2873 921 2930 novissime
979 2875 1073 2941 (Pscl.
1092 2889 1176 2943 xxxv,
1193 2880 1232 2944 7),
1249 2889 1313 2931 cunr
1330 2873 1423 2929 solum
1440 2888 1483 2928 mc
1504 2871 1664 2928 invenirem
1679 2870 1715 2927 de
1731 2870 1801 2927 ami·

93 2958 251 3016 habiturus
266 2974 321 3015 non
337 2974 443 3030 essem,
460 2966 489 3016 et
512 2960 608 3015 audivi
626 2962 702 3030 qnod
719 2960 821 3016 (lollius
837 2961 921 3018 ducis
937 3009 961 3072 C
976 2963 1030 3032 cis,
1047 2962 1210 3032 objurgatis
1225 2963 1268 3017 eis
1284 2962 1444 3032 assurrexi,
1457 2966 1487 3017 et
1503 2960 1592 3017 multa
1603 2958 1725 3017 volvens
1736 2973 1801 3030 qnae

93 3048 220 3103 maxime
236 3048 381 3105 inlamiam
399 3048 539 3104 dilataret
554 3054 584 3104 et
601 3048 802 3120 aurpliilcarct.
819 3051 921 3106 Preca·
976 3051 1125 3109 audieram
1144 3065 1195 3107 uec
1217 3050 1410 3119 credideram,
1428 3051 1539 3106 lorcam
1563 3048 1630 3103 mibi
1657 3050 1800 3118 paratam,

91 3139 143 3192 tus
158 3150 233 3206 snm,
246 3141 276 3192 ιιι
293 3136 442 3207 patientiae
458 3136 567 3192 virtute
585 3138 724 3206 urrrnirer,
738 3152 773 3193 ne
790 3138 922 3194 subcum·
976 3139 1060 3196 dolos
1077 3137 1347 3209 aptatosintellexi,
1360 3137 1536 3207 decrevique
1547 3135 1662 3192 tandem
1673 3134 1800 3207 experiri

93 3224 207 3294 berem,
222 3227 252 3279 et
266 3224 443 3280 ammonitus
460 3239 520 3280 sum
539 3225 566 3280 iu
590 3224 781 3281 tribulatione
805 3240 921 3297 semper
977 3229 1132 3296 fortunam,
1149 3227 1173 3282 si
1190 3227 1287 3283 saltim
1301 3227 1328 3282 in
1340 3227 1387 3282 bis
1398 3240 1472 3296 quos
1483 3225 1590 3281 ceteris
1601 3225 1800 3297 praefeceram,

90 3310 207 3381 gratias
223 3325 319 3381 agere,
333 3326 401 3368 vera
414 3311 593 3382 cjrrsjndicia
606 3311 735 3379 laudare,
749 3320 778 3369 et
790 3328 850 3369 mea
864 3328 921 3369 ma·
976 3315 1060 3371 tidem
1088 3314 1256 3371 invenirem.
1280 3316 1315 3369 Et
1340 3313 1408 3369 licet
1434 3313 1567 3385 pluribus
1591 3312 1801 3384 experimentis

92 3398 200 3456 lelacta
217 3413 379 3456 accusare:
398 3401 451 3455 boc
477 3401 577 3456 addito
604 3400 690 3471 quod,
709 3401 844 3471 quotiens
866 3401 919 3458 boc
975 3418 1060 3459 unam
1076 3418 1175 3460 eorum
1191 3400 1370 3459 voluntatem
1387 3402 1504 3472 scirem,
1518 3401 1645 3471 cogitavi
1658 3404 1798 3456 tameoeo

92 3487 241 3553 iecissem,
252 3487 318 3543 mali
332 3488 435 3544 molem
449 3487 630 3557 levigandam
642 3488 843 3545 consolatione
855 3504 920 3561 pro·
976 3491 1043 3547 mibi
1055 3491 1122 3548 illos
1130 3491 1234 3547 vinciri
1248 3504 1334 3562 posse
1346 3472 1441 3559 ruodo,
1451 3489 1473 3545 si
1482 3490 1688 3546 auctoritatem
1699 3502 1799 3544 eornm

90 3575 265 3647 pinquantc.
294 3578 435 3633 Futurum
462 3582 558 3633 autem
585 3581 615 3633 nt
637 3577 751 3632 infamia
776 3582 917 3648 cessaret,
975 3579 1034 3635 illis
1048 3592 1234 3650 opponerem,
1245 3583 1273 3634 et
1285 3582 1408 3635 conatus
1424 3577 1538 3633 illorum
1556 3575 1677 3633 illicitos
1695 3578 1799 3634 berum

89 3663 920 3735 gratiarediret,tribnlatioevanesceretccnsolatiosuc·
973 3667 1393 3737 gravitatecoercerenr;q:1a
1420 3669 1516 3721 tamen
1543 3665 1691 3721 molitione
1712 3662 1799 3721 nichil

89 3757 266 3809 cresceret:
283 3757 351 3810 tunc
368 3769 424 3809 non
439 3753 633 3809 obliviscerer
650 3753 771 3822 llomini,
785 3755 836 3825 qui
854 3768 919 3825 per·
975 3756 1096 3826 proieci.
1108 3754 1254 3811 Dedernnt
1265 3755 1340 3811 enim
1353 3754 1422 3810 milri
1439 3755 1537 3823 verba,
1551 3768 1605 3810 nou
1622 3752 1801 3821 consiliant

89 3841 170 3897 eutit
185 3846 216 3898 et
230 3847 323 3907 sanat,
339 3841 430 3897 deicit
444 3846 473 3897 et
489 3841 617 3908 allevat;
633 3840 718 3909 euius
734 3840 846 3909 llagella
869 3840 919 3895 mi·
975 3843 1101 3900 Celticas
1127 3844 1208 3910 irem,
1227 3859 1285 3913 quo
1299 3842 1356 3912 J'am
1373 3846 1476 3898 exacto
1493 3857 1567 3898 anuo
1582 3847 1610 3898 et
1627 3856 1661 3898 ce
1677 3840 1801 3912 amplius
1851 3898 1856 3906 ,

90 3928 256 3987 seraticncs
271 3933 349 4000 sunt,
363 3931 486 3986 verbera
499 3929 727 4000 propiciationes
740 3933 816 3984 sunt.
831 3930 917 3985 Plura
974 3947 1029 3988 non
1047 3933 1167 4001 lucram,
1182 3931 1268 4001 qnasi
1285 3931 1320 3986 ad
1337 3931 1377 3986 ibi
1392 3930 1573 4002 pausandum
1589 3936 1657 4001 post
1672 3928 1800 3986 laborem

91 4020 239 4088 praererco
255 4032 319 4088 qnae
336 4017 527 4088 inplebuntur
543 4021 675 4087 tempore
691 4028 753 4072 suo.
975 4019 1080 4075 messis
1094 4025 1124 4074 et
1139 4018 1361 4087 vindemiarum,
1380 4017 1453 4088 ipsis
1479 4017 1596 4073 interim
1622 4017 1801 4073 laboraturis

128 4102 200 4174 (Fcl.
218 4105 290 4176 tttl’)
305 4106 424 4162 Teroius
439 4105 528 4176 igitur
554 4106 696 4175 agebatur
712 4119 814 4171 annus,
832 4109 860 4159 et
877 4104 918 4174 ip·
973 4123 1028 4178 pro
1045 4121 1114 4178 pace
1130 4111 1158 4162 et
1176 4107 1275 4176 quieto
1292 4109 1404 4174 nostra,
1422 4120 1453 4161 rc
1469 4110 1566 4160 antem
1588 4119 1656 4160 vera
1672 4104 1707 4160 ad
1724 4103 1801 4175 quod

45 4186 61 4203 ⁴
89 4193 156 4251 sius
171 4193 237 4249 anni
258 4193 365 4250 arensis
391 4209 484 4250 nonus
499 4209 534 4250 ex
550 4209 608 4263 quo
625 4192 819 4249 Flaviniaeum
835 4207 918 4248 veno·
976 4193 1542 4265 intendebantopertunitatemeloctum
1554 4192 1688 4249 absentia
1701 4197 1800 4248 nostra

90 4296 166 4351 ram,
179 4296 246 4338 cum
259 4282 393 4354 repetitis
408 4297 441 4338 ea
458 4297 522 4352 quae
537 4282 652 4337 solebat
668 4280 826 4337 domestica
840 4280 918 4336 mali·
975 4282 1127 4354 adepturis
1143 4290 1175 4338 ιιι
1187 4283 1371 4354 perlicerent.
1385 4281 1461 4352 Feci,
1474 4284 1503 4337 et
1516 4281 1570 4335 boc
1582 4279 1678 4337 vuinus
1690 4283 1800 4348 astute,

91 4370 138 4428 cia
155 4384 201 4426 me
216 4373 263 4426 est
276 4383 415 4440 aggressa
432 4369 616 4440 calumpniis,
633 4373 662 4425 et
678 4369 847 4438 majoribus,
862 4370 917 4424 lieo
930 4351 960 4414 Ῑ)
975 4375 1004 4427 et
1022 4371 1132 4442 paratis
1148 4384 1212 4441 qum
1228 4369 1393 4426 neccssaria
1418 4372 1511 4438 erant,
1528 4367 1731 4423 benedictione
1756 4381 1801 4424 ac·

91 4458 199 4529 ntique
216 4458 415 4530 permittente,
433 4473 517 4528 quem
534 4458 627 4514 solnm
643 4457 774 4528 repperit
789 4457 919 4513 turbavit
975 4463 1071 4531 cepta,
1090 4459 1135 4514 die
1150 4463 1165 4513 c
1183 4458 1242 4514 Kal.
1260 4457 1378 4513 Octobr.
1397 4458 1487 4528 (Sept.
1515 4457 1561 4526 υ27)
1588 4470 1725 4527 pransum
1751 4455 1802 4510 ivi·

90 4545 273 4615 injuriisac
288 4545 557 4616 prirnumclancnlo
573 4545 917 4615 tidesibiinvicemdata,
977 4564 1048 4619 rnus,
1076 4546 1250 4618 quibusdam
1273 4561 1309 4601 ex
1335 4546 1489 4614 iratribus,
1516 4543 1737 4616 quamplurimis
1766 4557 1801 4599 cx

91 4634 203 4690 tratres
217 4637 246 4689 et
263 4633 313 4689 lilii
326 4635 417 4690 nostri
431 4634 529 4705 operis
541 4633 628 4702 bnjns
639 4634 775 4690 conscios
787 4633 841 4689 sibi
854 4649 920 4689 con·
976 4635 1067 4706 laycis
1083 4635 1235 4691 nobiscum
1253 4633 1504 4695 accumbentibus.
1517 4638 1546 4688 et
1568 4637 1634 4703 post
1649 4631 1738 4688 solito
1757 4646 1802 4686 ac·

90 4721 239 4792 sciscunt,
252 4721 408 4792 complices
420 4721 573 4791 advocant,
586 4721 716 4778 lautores
728 4722 879 4792 promissis
890 4726 920 4777 et
975 4724 1108 4781 curatius
1123 4723 1274 4780 nobiscnm
1296 4721 1563 4794 progredientibus,
1580 4733 1691 4790 uosque
1713 4719 1803 4774 dedn-

91 4810 267 4867 muneribcs
290 4810 346 4866 sibi
370 4809 540 4878 conciliant,
559 4809 624 4864 inde
643 4809 696 4880 ipsi
712 4809 787 4865 idem
802 4823 921 4866 accusa·
974 4813 1188 4882 centibus,tota
1200 4810 1286 4883 plebe
1299 4810 1376 4880 quod
1388 4824 1444 4865 nou
1457 4810 1611 4880 sperabam
1625 4807 1802 4877 ingeminan-

90 4903 175 4956 tores
191 4901 220 4953 et
236 4902 329 4953 testes
344 4896 515 4968 procedunt,
526 4901 554 4952 et
572 4896 607 4952 ad
622 4897 803 4954 lacerandam
817 4898 919 4953 lamam
976 4906 1014 4970 tc,
1033 4916 1077 4957 me
1091 4900 1205 4956 scilicet
1222 4914 1277 4955 non
1294 4897 1329 4953 ad
1347 4911 1476 4968 praesens
1503 4910 1691 4952 reversurum
1708 4894 1802 4950 disce-

91 4987 269 5043 nostramet
296 4985 506 5056 inprobandam
530 4986 618 5041 vitam
643 4989 773 5041 nostram
798 5001 919 5057 quaeque
976 4989 1055 5045 dere.
1086 4991 1226 5045 Notabam
1255 4984 1379 5055 singula,
1404 4989 1434 5040 et
1464 4983 1610 5039 admirans
1637 4983 1802 5054 inopinatos

90 5080 218 5147 possunt
235 5073 360 5143 maligna
373 5073 560 5142 concinnant,
579 5077 752 5129 accusantes
777 5089 820 5129 me
841 5075 919 5146 apud
976 5074 1034 5131 vob
1051 5089 1151 5130 corum
1168 5075 1337 5144 proventus,
1354 5069 1485 5126 sentiens
1500 5068 1587 5124 etiarn
1607 5068 1634 5124 iu
1652 5083 1696 5124 me
1712 5070 1802 5125 multa

90 5176 179 5221 omne
190 5161 337 5218 bominum
348 5161 620 5232 geuuscriminibus
633 5160 802 5230 mortiferis,
814 5165 842 5218 et
856 5177 920 5233 quac
976 5169 1005 5220 et
1018 5178 1090 5235 pene
1101 5159 1489 5221 innumerabiliavcrbereet
1497 5156 1684 5228 correptione
1695 5155 1804 5226 dignis·

90 5246 167 5325 ipsae
184 5249 285 5307 audire
299 5264 386 5307 aures
410 5253 649 5321 expavescerent.
669 5249 750 5315 Quod
775 5265 840 5308 curn
866 5266 920 5322 ego
977 5244 1568 5320 sinra,subdebaranimejudiciisdivinae
1580 5244 1801 5316 misericordiae,

129 5443 208 5515 (Μ)
224 5445 246 5500 l.
261 5457 287 5501 e.
304 5458 361 5501 uon
381 5443 600 5500 erubescentes.
896 5375 1010 5434 Now·
