<?xml version="1.0" encoding="UTF-8"?>
<!DOCTYPE html PUBLIC "-//W3C//DTD XHTML 1.0 Transitional//EN"
    "http://www.w3.org/TR/xhtml1/DTD/xhtml1-transitional.dtd">
<html xmlns="http://www.w3.org/1999/xhtml" xml:lang="en" lang="en">
 <head>
  <title>
</title>
<meta http-equiv="Content-Type" content="text/html;charset=utf-8" />
  <meta name='ocr-system' content='tesseract 3.04.00' />
  <meta name='ocr-capabilities' content='ocr_page ocr_carea ocr_par ocr_line ocrx_word'/>
</head>
<body>
  <div class='ocr_page' id='page_1' title='image "./patrologiaecurs34unkngoog_0063.png"; bbox 0 0 3788 6000; ppageno 0'>
   <div class='ocr_carea' id='block_1_1' title="bbox 131 181 189 247">
    <p class='ocr_par' dir='ltr' id='par_1_1' title="bbox 131 181 189 247">
     <span class='ocr_line' id='line_1_1' title="bbox 131 181 189 247; baseline 0.017 -1"><span class='ocrx_word' id='word_1_1' title='bbox 131 181 189 247; x_wconf 81' lang='lat' dir='ltr'>tta</span> 
     </span>
    </p>
   </div>
   <div class='ocr_carea' id='block_1_2' title="bbox 608 194 1353 274">
    <p class='ocr_par' dir='ltr' id='par_1_2' title="bbox 608 194 1353 274">
     <span class='ocr_line' id='line_1_2' title="bbox 608 194 1353 274; baseline 0.019 -15"><span class='ocrx_word' id='word_1_2' title='bbox 608 194 793 263; x_wconf 88' lang='lat' dir='ltr'>HUGONIS</span> <span class='ocrx_word' id='word_1_3' title='bbox 814 194 990 261; x_wconf 78' lang='lat' dir='ltr'>seenTts</span> <span class='ocrx_word' id='word_1_4' title='bbox 1011 199 1353 274; x_wconf 76' lang='lat' dir='ltr'>suaviumcsrtsts</span> 
     </span>
    </p>
   </div>
   <div class='ocr_carea' id='block_1_3' title="bbox 1771 212 1830 279">
    <p class='ocr_par' dir='ltr' id='par_1_3' title="bbox 1771 212 1830 279">
     <span class='ocr_line' id='line_1_3' title="bbox 1771 212 1830 279; baseline 0.034 -2"><span class='ocrx_word' id='word_1_5' title='bbox 1771 212 1830 279; x_wconf 85' lang='lat' dir='ltr'>tte</span> 
     </span>
    </p>
   </div>
   <div class='ocr_carea' id='block_1_4' title="bbox 165 312 1830 418">
    <p class='ocr_par' dir='ltr' id='par_1_4' title="bbox 165 312 1830 418">
     <span class='ocr_line' id='line_1_4' title="bbox 165 312 1830 418; baseline 0.013 -27"><span class='ocrx_word' id='word_1_6' title='bbox 165 334 349 406; x_wconf 79' lang='lat' dir='ltr'>Beatoigitnr</span> <span class='ocrx_word' id='word_1_7' title='bbox 360 335 499 395; x_wconf 87' lang='lat' dir='ltr'>Vitonoin</span> <span class='ocrx_word' id='word_1_8' title='bbox 512 335 736 409; x_wconf 87' lang='lat' dir='ltr'>gaudicftomini</span> <span class='ocrx_word' id='word_1_9' title='bbox 748 312 908 412; x_wconf 84' lang='lat' dir='ltr'>assumpto,</span> <span class='ocrx_word' id='word_1_10' title='bbox 921 345 950 397; x_wconf 92' lang='lat' dir='ltr'>et</span> <span class='ocrx_word' id='word_1_11' title='bbox 964 326 993 396; x_wconf 78' lang='lat' dir='ltr'>h</span> <span class='ocrx_word' id='word_1_12' title='bbox 1009 336 1086 395; x_wconf 88' lang='lat' dir='ltr'>tione</span> <span class='ocrx_word' id='word_1_13' title='bbox 1098 342 1200 401; x_wconf 85' lang='lat' dir='ltr'>mortis</span> <span class='ocrx_word' id='word_1_14' title='bbox 1213 343 1280 402; x_wconf 80' lang='lat' dir='ltr'>illie</span> <span class='ocrx_word' id='word_1_15' title='bbox 1295 342 1411 402; x_wconf 89' lang='lat' dir='ltr'>soronis</span> <span class='ocrx_word' id='word_1_16' title='bbox 1425 341 1573 418; x_wconf 79' lang='lat' dir='ltr'>clodovei,</span> <span class='ocrx_word' id='word_1_17' title='bbox 1591 361 1655 418; x_wconf 74' lang='lat' dir='ltr'>quaa</span> <span class='ocrx_word' id='word_1_18' title='bbox 1672 348 1768 410; x_wconf 88' lang='lat' dir='ltr'>fuerat</span> <span class='ocrx_word' id='word_1_19' title='bbox 1781 367 1830 413; x_wconf 91' lang='lat' dir='ltr'>co·</span> 
     </span>
    </p>
   </div>
   <div class='ocr_carea' id='block_1_5' title="bbox 124 425 951 1650">
    <p class='ocr_par' dir='ltr' id='par_1_5' title="bbox 124 425 951 1650">
     <span class='ocr_line' id='line_1_5' title="bbox 128 425 951 501; baseline 0.002 -19"><span class='ocrx_word' id='word_1_20' title='bbox 128 439 181 498; x_wconf 91' lang='lat' dir='ltr'>pro</span> <span class='ocrx_word' id='word_1_21' title='bbox 194 425 500 497; x_wconf 87' lang='lat' dir='ltr'>hdelitatepaucorum</span> <span class='ocrx_word' id='word_1_22' title='bbox 513 435 540 484; x_wconf 91' lang='lat' dir='ltr'>ct</span> <span class='ocrx_word' id='word_1_23' title='bbox 553 426 636 485; x_wconf 86' lang='lat' dir='ltr'>lucro</span> <span class='ocrx_word' id='word_1_24' title='bbox 649 444 736 501; x_wconf 89' lang='lat' dir='ltr'>supra</span> <span class='ocrx_word' id='word_1_25' title='bbox 749 430 838 486; x_wconf 90' lang='lat' dir='ltr'>multa</span> <span class='ocrx_word' id='word_1_26' title='bbox 851 433 951 500; x_wconf 82' lang='grc'>44444-</span> 
     </span>
     <span class='ocr_line' id='line_1_6' title="bbox 129 515 949 587; baseline 0.004 -17"><span class='ocrx_word' id='word_1_27' title='bbox 129 520 215 587; x_wconf 92' lang='lat' dir='ltr'>petua</span> <span class='ocrx_word' id='word_1_28' title='bbox 226 516 298 571; x_wconf 92' lang='lat' dir='ltr'>bona</span> <span class='ocrx_word' id='word_1_29' title='bbox 311 516 473 571; x_wconf 90' lang='lat' dir='ltr'>constituto</span> <span class='ocrx_word' id='word_1_30' title='bbox 483 515 549 587; x_wconf 83' lang='grc'>(43),</span> <span class='ocrx_word' id='word_1_31' title='bbox 565 517 753 574; x_wconf 81' lang='lat' dir='ltr'>Desideratus</span> <span class='ocrx_word' id='word_1_32' title='bbox 766 518 910 574; x_wconf 91' lang='lat' dir='ltr'>successit</span> <span class='ocrx_word' id='word_1_33' title='bbox 922 519 949 573; x_wconf 96' lang='lat' dir='ltr'>iu</span> 
     </span>
     <span class='ocr_line' id='line_1_7' title="bbox 126 603 951 676; baseline 0.002 -16"><span class='ocrx_word' id='word_1_34' title='bbox 126 603 430 675; x_wconf 89' lang='lat' dir='ltr'>episcopalemcuram</span> <span class='ocrx_word' id='word_1_35' title='bbox 439 604 951 676; x_wconf 86' lang='lat' dir='ltr'>multavigilantiaegeutemsollici·</span> 
     </span>
     <span class='ocr_line' id='line_1_8' title="bbox 128 692 948 764; baseline -0.001 -15"><span class='ocrx_word' id='word_1_36' title='bbox 128 692 948 764; x_wconf 82' lang='lat' dir='ltr'>tudinumangoribuscircumseptamThcodericusenim</span> 
     </span>
     <span class='ocr_line' id='line_1_9' title="bbox 127 780 948 854; baseline 0.001 -17"><span class='ocrx_word' id='word_1_37' title='bbox 127 784 275 837; x_wconf 87' lang='lat' dir='ltr'>cumessct</span> <span class='ocrx_word' id='word_1_38' title='bbox 286 780 478 851; x_wconf 88' lang='lat' dir='ltr'>pertinaciset</span> <span class='ocrx_word' id='word_1_39' title='bbox 492 782 557 838; x_wconf 89' lang='lat' dir='ltr'>mati</span> <span class='ocrx_word' id='word_1_40' title='bbox 567 782 653 837; x_wconf 90' lang='lat' dir='ltr'>animi</span> <span class='ocrx_word' id='word_1_41' title='bbox 665 786 694 838; x_wconf 87' lang='lat' dir='ltr'>ct</span> <span class='ocrx_word' id='word_1_42' title='bbox 705 797 758 854; x_wconf 93' lang='lat' dir='ltr'>pro</span> <span class='ocrx_word' id='word_1_43' title='bbox 768 783 948 839; x_wconf 80' lang='lat' dir='ltr'>dissensione</span> 
     </span>
     <span class='ocr_line' id='line_1_10' title="bbox 127 869 946 944; baseline 0.002 -19"><span class='ocrx_word' id='word_1_44' title='bbox 127 869 250 927; x_wconf 85' lang='lat' dir='ltr'>interae</span> <span class='ocrx_word' id='word_1_45' title='bbox 270 876 300 926; x_wconf 89' lang='grc'>44</span> <span class='ocrx_word' id='word_1_46' title='bbox 322 871 440 926; x_wconf 89' lang='lat' dir='ltr'>fratrem</span> <span class='ocrx_word' id='word_1_47' title='bbox 458 887 539 927; x_wconf 92' lang='lat' dir='ltr'>suum</span> <span class='ocrx_word' id='word_1_48' title='bbox 557 872 674 944; x_wconf 91' lang='lat' dir='ltr'>multas,</span> <span class='ocrx_word' id='word_1_49' title='bbox 701 879 732 929; x_wconf 92' lang='lat' dir='ltr'>ut</span> <span class='ocrx_word' id='word_1_50' title='bbox 750 874 946 944; x_wconf 76' lang='lat' dir='ltr'>praediximus,</span> 
     </span>
     <span class='ocr_line' id='line_1_11' title="bbox 127 959 949 1034; baseline 0.006 -17"><span class='ocrx_word' id='word_1_51' title='bbox 127 962 216 1018; x_wconf 89' lang='lat' dir='ltr'>urbes</span> <span class='ocrx_word' id='word_1_52' title='bbox 228 961 387 1029; x_wconf 85' lang='lat' dir='ltr'>athixisset,</span> <span class='ocrx_word' id='word_1_53' title='bbox 400 964 429 1016; x_wconf 92' lang='grc'>44</span> <span class='ocrx_word' id='word_1_54' title='bbox 445 959 545 1029; x_wconf 80' lang='lat' dir='ltr'>[Gneo.</span> <span class='ocrx_word' id='word_1_55' title='bbox 557 962 634 1028; x_wconf 74' lang='lat' dir='ltr'>Tur,</span> <span class='ocrx_word' id='word_1_56' title='bbox 649 976 689 1027; x_wconf 91' lang='lat' dir='ltr'>ur,</span> <span class='ocrx_word' id='word_1_57' title='bbox 704 961 747 1034; x_wconf 88' lang='grc'>34]</span> <span class='ocrx_word' id='word_1_58' title='bbox 760 962 949 1021; x_wconf 75' lang='lat' dir='ltr'>Desideratus</span> 
     </span>
     <span class='ocr_line' id='line_1_12' title="bbox 126 1049 947 1124; baseline 0.006 -20"><span class='ocrx_word' id='word_1_59' title='bbox 126 1050 188 1121; x_wconf 91' lang='lat' dir='ltr'>ipse</span> <span class='ocrx_word' id='word_1_60' title='bbox 207 1053 272 1121; x_wconf 93' lang='lat' dir='ltr'>post</span> <span class='ocrx_word' id='word_1_61' title='bbox 285 1049 373 1107; x_wconf 90' lang='lat' dir='ltr'>multa</span> <span class='ocrx_word' id='word_1_62' title='bbox 387 1050 442 1104; x_wconf 90' lang='lat' dir='ltr'>sibi</span> <span class='ocrx_word' id='word_1_63' title='bbox 459 1049 538 1105; x_wconf 89' lang='lat' dir='ltr'>illata</span> <span class='ocrx_word' id='word_1_64' title='bbox 553 1051 665 1121; x_wconf 89' lang='lat' dir='ltr'>damna,</span> <span class='ocrx_word' id='word_1_65' title='bbox 679 1051 776 1122; x_wconf 92' lang='lat' dir='ltr'>exilia,</span> <span class='ocrx_word' id='word_1_66' title='bbox 792 1061 947 1124; x_wconf 80' lang='lat' dir='ltr'>aerumnas,</span> 
     </span>
     <span class='ocr_line' id='line_1_13' title="bbox 126 1137 945 1210; baseline 0.005 -18"><span class='ocrx_word' id='word_1_67' title='bbox 126 1137 256 1207; x_wconf 87' lang='lat' dir='ltr'>injurias,</span> <span class='ocrx_word' id='word_1_68' title='bbox 268 1138 325 1206; x_wconf 76' lang='lat' dir='ltr'>iam</span> <span class='ocrx_word' id='word_1_69' title='bbox 335 1138 543 1194; x_wconf 89' lang='lat' dir='ltr'>adlibertateru</span> <span class='ocrx_word' id='word_1_70' title='bbox 553 1139 674 1194; x_wconf 83' lang='lat' dir='ltr'>Domino</span> <span class='ocrx_word' id='word_1_71' title='bbox 682 1140 945 1210; x_wconf 88' lang='lat' dir='ltr'>jubenteredisset,</span> 
     </span>
     <span class='ocr_line' id='line_1_14' title="bbox 125 1227 949 1298; baseline 0.004 -17"><span class='ocrx_word' id='word_1_72' title='bbox 125 1232 155 1281; x_wconf 92' lang='lat' dir='ltr'>et</span> <span class='ocrx_word' id='word_1_73' title='bbox 172 1227 247 1296; x_wconf 91' lang='lat' dir='ltr'>apud</span> <span class='ocrx_word' id='word_1_74' title='bbox 263 1227 433 1286; x_wconf 82' lang='lat' dir='ltr'>virdunum.</span> <span class='ocrx_word' id='word_1_75' title='bbox 453 1230 482 1282; x_wconf 93' lang='lat' dir='ltr'>ut</span> <span class='ocrx_word' id='word_1_76' title='bbox 501 1227 636 1293; x_wconf 82' lang='lat' dir='ltr'>diximus,</span> <span class='ocrx_word' id='word_1_77' title='bbox 649 1228 838 1298; x_wconf 77' lang='lat' dir='ltr'>episcopatus</span> <span class='ocrx_word' id='word_1_78' title='bbox 853 1230 949 1298; x_wconf 90' lang='lat' dir='ltr'>funge-</span> 
     </span>
     <span class='ocr_line' id='line_1_15' title="bbox 126 1315 945 1387; baseline 0.002 -17"><span class='ocrx_word' id='word_1_79' title='bbox 126 1320 208 1371; x_wconf 90' lang='lat' dir='ltr'>retnr</span> <span class='ocrx_word' id='word_1_80' title='bbox 221 1315 324 1384; x_wconf 86' lang='lat' dir='ltr'>officio,</span> <span class='ocrx_word' id='word_1_81' title='bbox 356 1315 449 1371; x_wconf 88' lang='lat' dir='ltr'>fuerat</span> <span class='ocrx_word' id='word_1_82' title='bbox 466 1316 541 1370; x_wconf 92' lang='lat' dir='ltr'>enim</span> <span class='ocrx_word' id='word_1_83' title='bbox 559 1316 586 1370; x_wconf 91' lang='lat' dir='ltr'>iu</span> <span class='ocrx_word' id='word_1_84' title='bbox 602 1315 710 1372; x_wconf 76' lang='lat' dir='ltr'>saeculo</span> <span class='ocrx_word' id='word_1_85' title='bbox 735 1315 945 1387; x_wconf 90' lang='lat' dir='ltr'>nobilissimus,</span> 
     </span>
     <span class='ocr_line' id='line_1_16' title="bbox 124 1402 947 1476; baseline 0.002 -18"><span class='ocrx_word' id='word_1_86' title='bbox 124 1404 234 1460; x_wconf 90' lang='lat' dir='ltr'>habeus</span> <span class='ocrx_word' id='word_1_87' title='bbox 249 1418 367 1459; x_wconf 91' lang='lat' dir='ltr'>uxorem</span> <span class='ocrx_word' id='word_1_88' title='bbox 380 1402 520 1472; x_wconf 83' lang='lat' dir='ltr'>etlilium,</span> <span class='ocrx_word' id='word_1_89' title='bbox 534 1403 647 1459; x_wconf 92' lang='lat' dir='ltr'>nomine</span> <span class='ocrx_word' id='word_1_90' title='bbox 659 1404 819 1473; x_wconf 75' lang='lat' dir='ltr'>Syagrium.</span> <span class='ocrx_word' id='word_1_91' title='bbox 830 1405 882 1473; x_wconf 86' lang='lat' dir='ltr'>(ur,</span> <span class='ocrx_word' id='word_1_92' title='bbox 891 1408 947 1476; x_wconf 80' lang='grc'>34.)</span> 
     </span>
     <span class='ocr_line' id='line_1_17' title="bbox 125 1491 947 1563; baseline 0 -16"><span class='ocrx_word' id='word_1_93' title='bbox 125 1492 205 1549; x_wconf 90' lang='grc'>8444</span> <span class='ocrx_word' id='word_1_94' title='bbox 223 1491 372 1562; x_wconf 72' lang='lat' dir='ltr'>syrivaldo</span> <span class='ocrx_word' id='word_1_95' title='bbox 389 1491 512 1562; x_wconf 82' lang='lat' dir='ltr'>quodam</span> <span class='ocrx_word' id='word_1_96' title='bbox 529 1491 603 1563; x_wconf 90' lang='lat' dir='ltr'>apud</span> <span class='ocrx_word' id='word_1_97' title='bbox 622 1493 773 1562; x_wconf 84' lang='lat' dir='ltr'>praefatum</span> <span class='ocrx_word' id='word_1_98' title='bbox 795 1507 890 1563; x_wconf 89' lang='lat' dir='ltr'>regem</span> <span class='ocrx_word' id='word_1_99' title='bbox 907 1493 947 1549; x_wconf 93' lang='lat' dir='ltr'>in-</span> 
     </span>
     <span class='ocr_line' id='line_1_18' title="bbox 125 1579 946 1650; baseline -0.001 -13"><span class='ocrx_word' id='word_1_100' title='bbox 125 1586 255 1650; x_wconf 88' lang='lat' dir='ltr'>cusatus,</span> <span class='ocrx_word' id='word_1_101' title='bbox 280 1595 336 1636; x_wconf 92' lang='lat' dir='ltr'>nou</span> <span class='ocrx_word' id='word_1_102' title='bbox 351 1580 444 1636; x_wconf 92' lang='lat' dir='ltr'>solnm</span> <span class='ocrx_word' id='word_1_103' title='bbox 468 1579 613 1650; x_wconf 89' lang='lat' dir='ltr'>spoliatus</span> <span class='ocrx_word' id='word_1_104' title='bbox 627 1581 726 1650; x_wconf 91' lang='lat' dir='ltr'>rebus,</span> <span class='ocrx_word' id='word_1_105' title='bbox 742 1595 842 1638; x_wconf 90' lang='lat' dir='ltr'>verum</span> <span class='ocrx_word' id='word_1_106' title='bbox 859 1583 946 1637; x_wconf 92' lang='lat' dir='ltr'>etiam</span> 
     </span>
    </p>
   </div>
   <div class='ocr_carea' id='block_1_6' title="bbox 1003 428 1829 1656">
    <p class='ocr_par' dir='ltr' id='par_1_6' title="bbox 1003 428 1829 1656">
     <span class='ocr_line' id='line_1_19' title="bbox 1006 428 1829 503; baseline 0.027 -22"><span class='ocrx_word' id='word_1_107' title='bbox 1006 428 1106 497; x_wconf 86' lang='lat' dir='ltr'>putata</span> <span class='ocrx_word' id='word_1_108' title='bbox 1121 435 1241 503; x_wconf 81' lang='lat' dir='ltr'>praefato</span> <span class='ocrx_word' id='word_1_109' title='bbox 1269 434 1445 492; x_wconf 78' lang='lat' dir='ltr'>Theoderico</span> <span class='ocrx_word' id='word_1_110' title='bbox 1461 435 1489 492; x_wconf 92' lang='lat' dir='ltr'>in</span> <span class='ocrx_word' id='word_1_111' title='bbox 1519 436 1734 497; x_wconf 82' lang='lat' dir='ltr'>matrimonium</span> <span class='ocrx_word' id='word_1_112' title='bbox 1749 445 1777 499; x_wconf 89' lang='lat' dir='ltr'>et</span> <span class='ocrx_word' id='word_1_113' title='bbox 1793 459 1829 503; x_wconf 92' lang='lat' dir='ltr'>eo</span> 
     </span>
     <span class='ocr_line' id='line_1_20' title="bbox 1005 518 1826 600; baseline 0.021 -28"><span class='ocrx_word' id='word_1_114' title='bbox 1005 518 1142 578; x_wconf 86' lang='lat' dir='ltr'>defuncto</span> <span class='ocrx_word' id='word_1_115' title='bbox 1156 527 1258 579; x_wconf 91' lang='lat' dir='ltr'>contra</span> <span class='ocrx_word' id='word_1_116' title='bbox 1282 525 1395 581; x_wconf 88' lang='lat' dir='ltr'>natales</span> <span class='ocrx_word' id='word_1_117' title='bbox 1410 539 1479 582; x_wconf 90' lang='lat' dir='ltr'>suos</span> <span class='ocrx_word' id='word_1_118' title='bbox 1495 539 1580 581; x_wconf 90' lang='lat' dir='ltr'>servo</span> <span class='ocrx_word' id='word_1_119' title='bbox 1606 534 1746 599; x_wconf 79' lang='lat' dir='ltr'>nupserat</span> <span class='ocrx_word' id='word_1_120' title='bbox 1763 530 1826 600; x_wconf 79' lang='lat' dir='ltr'>(fot.</span> 
     </span>
     <span class='ocr_line' id='line_1_21' title="bbox 1004 608 1829 682; baseline 0.017 -20"><span class='ocrx_word' id='word_1_121' title='bbox 1004 608 1060 679; x_wconf 82' lang='grc'>43),</span> <span class='ocrx_word' id='word_1_122' title='bbox 1078 613 1108 664; x_wconf 91' lang='grc'>44</span> <span class='ocrx_word' id='word_1_123' title='bbox 1122 611 1189 681; x_wconf 87' lang='lat' dir='ltr'>quia</span> <span class='ocrx_word' id='word_1_124' title='bbox 1200 616 1293 668; x_wconf 90' lang='lat' dir='ltr'>mater</span> <span class='ocrx_word' id='word_1_125' title='bbox 1303 612 1451 682; x_wconf 87' lang='lat' dir='ltr'>indignata</span> <span class='ocrx_word' id='word_1_126' title='bbox 1465 616 1544 669; x_wconf 91' lang='lat' dir='ltr'>moto</span> <span class='ocrx_word' id='word_1_127' title='bbox 1556 619 1658 671; x_wconf 88' lang='lat' dir='ltr'>contra</span> <span class='ocrx_word' id='word_1_128' title='bbox 1670 632 1733 673; x_wconf 91' lang='lat' dir='ltr'>cam</span> <span class='ocrx_word' id='word_1_129' title='bbox 1745 633 1829 675; x_wconf 89' lang='lat' dir='ltr'>excr-</span> 
     </span>
     <span class='ocr_line' id='line_1_22' title="bbox 1005 696 1828 772; baseline 0.017 -22"><span class='ocrx_word' id='word_1_130' title='bbox 1005 696 1065 751; x_wconf 90' lang='grc'>4444</span> <span class='ocrx_word' id='word_1_131' title='bbox 1081 711 1197 754; x_wconf 86' lang='lat' dir='ltr'>servum</span> <span class='ocrx_word' id='word_1_132' title='bbox 1213 705 1385 771; x_wconf 87' lang='lat' dir='ltr'>peremerat,</span> <span class='ocrx_word' id='word_1_133' title='bbox 1400 701 1546 772; x_wconf 86' lang='lat' dir='ltr'>filiamque</span> <span class='ocrx_word' id='word_1_134' title='bbox 1558 702 1593 757; x_wconf 87' lang='lat' dir='ltr'>ad</span> <span class='ocrx_word' id='word_1_135' title='bbox 1609 702 1725 761; x_wconf 92' lang='lat' dir='ltr'>domum</span> <span class='ocrx_word' id='word_1_136' title='bbox 1743 710 1828 765; x_wconf 91' lang='lat' dir='ltr'>redu-</span> 
     </span>
     <span class='ocr_line' id='line_1_23' title="bbox 1004 787 1828 861; baseline 0.016 -21"><span class='ocrx_word' id='word_1_137' title='bbox 1004 789 1097 855; x_wconf 81' lang='lat' dir='ltr'>xerat,</span> <span class='ocrx_word' id='word_1_138' title='bbox 1115 787 1164 843; x_wconf 91' lang='lat' dir='ltr'>itla</span> <span class='ocrx_word' id='word_1_139' title='bbox 1180 788 1253 844; x_wconf 83' lang='lat' dir='ltr'>irata</span> <span class='ocrx_word' id='word_1_140' title='bbox 1268 802 1409 844; x_wconf 89' lang='lat' dir='ltr'>venenum</span> <span class='ocrx_word' id='word_1_141' title='bbox 1427 790 1568 861; x_wconf 87' lang='grc'>44444444,</span> <span class='ocrx_word' id='word_1_142' title='bbox 1586 805 1643 861; x_wconf 82' lang='lat' dir='ltr'>quo</span> <span class='ocrx_word' id='word_1_143' title='bbox 1659 798 1752 851; x_wconf 90' lang='lat' dir='ltr'>mater</span> <span class='ocrx_word' id='word_1_144' title='bbox 1764 802 1828 854; x_wconf 90' lang='lat' dir='ltr'>erat</span> 
     </span>
     <span class='ocr_line' id='line_1_24' title="bbox 1003 875 1829 946; baseline 0.016 -18"><span class='ocrx_word' id='word_1_145' title='bbox 1003 875 1261 946; x_wconf 86' lang='lat' dir='ltr'>communicatura,</span> <span class='ocrx_word' id='word_1_146' title='bbox 1280 877 1378 946; x_wconf 90' lang='lat' dir='ltr'>posuit</span> <span class='ocrx_word' id='word_1_147' title='bbox 1394 907 1428 916; x_wconf 97' lang='lat'>-</span> <span class='ocrx_word' id='word_1_148' title='bbox 1444 882 1526 932; x_wconf 90' lang='lat' dir='ltr'>eraut</span> <span class='ocrx_word' id='word_1_149' title='bbox 1543 880 1619 934; x_wconf 92' lang='lat' dir='ltr'>enim</span> <span class='ocrx_word' id='word_1_150' title='bbox 1645 881 1765 939; x_wconf 71' lang='lat' dir='ltr'>arriana</span> <span class='ocrx_word' id='word_1_151' title='bbox 1781 885 1829 941; x_wconf 91' lang='lat' dir='ltr'>de-</span> 
     </span>
     <span class='ocr_line' id='line_1_25' title="bbox 1005 961 1826 1041; baseline 0.013 -26"><span class='ocrx_word' id='word_1_152' title='bbox 1005 961 1752 1033; x_wconf 81' lang='lat' dir='ltr'>tentiperhdia,-quohaustomoxmatermortua</span> <span class='ocrx_word' id='word_1_153' title='bbox 1770 979 1826 1041; x_wconf 86' lang='lat' dir='ltr'>est,</span> 
     </span>
     <span class='ocr_line' id='line_1_26' title="bbox 1003 1050 1826 1128; baseline 0.018 -27"><span class='ocrx_word' id='word_1_154' title='bbox 1003 1050 1085 1104; x_wconf 92' lang='lat' dir='ltr'>ctoh</span> <span class='ocrx_word' id='word_1_155' title='bbox 1110 1050 1164 1106; x_wconf 90' lang='lat' dir='ltr'>hoc</span> <span class='ocrx_word' id='word_1_156' title='bbox 1180 1051 1321 1120; x_wconf 87' lang='lat' dir='ltr'>indignati</span> <span class='ocrx_word' id='word_1_157' title='bbox 1347 1052 1423 1122; x_wconf 87' lang='lat' dir='ltr'>itali,</span> <span class='ocrx_word' id='word_1_158' title='bbox 1453 1067 1486 1108; x_wconf 90' lang='grc'>44</span> <span class='ocrx_word' id='word_1_159' title='bbox 1504 1055 1627 1125; x_wconf 82' lang='lat' dir='ltr'>abjecta,</span> <span class='ocrx_word' id='word_1_160' title='bbox 1654 1056 1826 1128; x_wconf 80' lang='lat' dir='ltr'>pradictum</span> 
     </span>
     <span class='ocr_line' id='line_1_27' title="bbox 1003 1135 1827 1214; baseline 0.017 -24"><span class='ocrx_word' id='word_1_161' title='bbox 1003 1135 1186 1193; x_wconf 88' lang='lat' dir='ltr'>Theodadum</span> <span class='ocrx_word' id='word_1_162' title='bbox 1202 1152 1297 1208; x_wconf 85' lang='lat' dir='ltr'>regem</span> <span class='ocrx_word' id='word_1_163' title='bbox 1314 1142 1543 1211; x_wconf 88' lang='lat' dir='ltr'>constituerunt,</span> <span class='ocrx_word' id='word_1_164' title='bbox 1570 1158 1584 1197; x_wconf 91' lang='lat' dir='ltr'>a</span> <span class='ocrx_word' id='word_1_165' title='bbox 1602 1157 1659 1214; x_wconf 82' lang='lat' dir='ltr'>nuo</span> <span class='ocrx_word' id='word_1_166' title='bbox 1686 1160 1827 1204; x_wconf 89' lang='lat' dir='ltr'>succenso</span> 
     </span>
     <span class='ocr_line' id='line_1_28' title="bbox 1004 1225 1828 1307; baseline 0.016 -27"><span class='ocrx_word' id='word_1_167' title='bbox 1004 1225 1190 1281; x_wconf 88' lang='lat' dir='ltr'>vehementer</span> <span class='ocrx_word' id='word_1_168' title='bbox 1201 1226 1304 1283; x_wconf 90' lang='lat' dir='ltr'>balneo</span> <span class='ocrx_word' id='word_1_169' title='bbox 1319 1227 1441 1295; x_wconf 86' lang='lat' dir='ltr'>inclusa,</span> <span class='ocrx_word' id='word_1_170' title='bbox 1455 1229 1530 1286; x_wconf 89' lang='lat' dir='ltr'>inter</span> <span class='ocrx_word' id='word_1_171' title='bbox 1544 1229 1624 1287; x_wconf 93' lang='lat' dir='ltr'>diros</span> <span class='ocrx_word' id='word_1_172' title='bbox 1638 1246 1764 1304; x_wconf 85' lang='lat' dir='ltr'>vapores</span> <span class='ocrx_word' id='word_1_173' title='bbox 1781 1250 1828 1307; x_wconf 91' lang='lat' dir='ltr'>pa-</span> 
     </span>
     <span class='ocr_line' id='line_1_29' title="bbox 1003 1312 1827 1390; baseline 0.016 -24"><span class='ocrx_word' id='word_1_174' title='bbox 1003 1312 1132 1369; x_wconf 90' lang='lat' dir='ltr'>vimento</span> <span class='ocrx_word' id='word_1_175' title='bbox 1143 1327 1294 1383; x_wconf 90' lang='lat' dir='ltr'>corruens,</span> <span class='ocrx_word' id='word_1_176' title='bbox 1308 1321 1423 1371; x_wconf 91' lang='lat' dir='ltr'>mortua</span> <span class='ocrx_word' id='word_1_177' title='bbox 1433 1321 1487 1372; x_wconf 62' lang='lat' dir='ltr'>est,</span> <span class='ocrx_word' id='word_1_178' title='bbox 1500 1315 1552 1387; x_wconf 86' lang='lat' dir='ltr'>(ru,</span> <span class='ocrx_word' id='word_1_179' title='bbox 1563 1319 1618 1390; x_wconf 74' lang='grc'>34).</span> <span class='ocrx_word' id='word_1_180' title='bbox 1632 1319 1827 1386; x_wconf 86' lang='lat' dir='ltr'>Quamobrem</span> 
     </span>
     <span class='ocr_line' id='line_1_30' title="bbox 1003 1400 1827 1476; baseline 0.015 -20"><span class='ocrx_word' id='word_1_181' title='bbox 1003 1400 1374 1458; x_wconf 88' lang='lat' dir='ltr'>etheodebcrtusitaliam</span> <span class='ocrx_word' id='word_1_182' title='bbox 1386 1405 1526 1476; x_wconf 85' lang='lat' dir='ltr'>pervasit,</span> <span class='ocrx_word' id='word_1_183' title='bbox 1538 1406 1590 1462; x_wconf 92' lang='lat' dir='ltr'>sed</span> <span class='ocrx_word' id='word_1_184' title='bbox 1602 1408 1827 1476; x_wconf 83' lang='lat' dir='ltr'>quiaexercitus</span> 
     </span>
     <span class='ocr_line' id='line_1_31' title="bbox 1004 1487 1827 1570; baseline 0.015 -27"><span class='ocrx_word' id='word_1_185' title='bbox 1004 1487 1066 1557; x_wconf 84' lang='lat' dir='ltr'>ejus</span> <span class='ocrx_word' id='word_1_186' title='bbox 1081 1489 1206 1545; x_wconf 91' lang='lat' dir='ltr'>diversis</span> <span class='ocrx_word' id='word_1_187' title='bbox 1219 1490 1348 1547; x_wconf 89' lang='lat' dir='ltr'>febribus</span> <span class='ocrx_word' id='word_1_188' title='bbox 1362 1494 1534 1563; x_wconf 86' lang='lat' dir='ltr'>vexabatur,</span> <span class='ocrx_word' id='word_1_189' title='bbox 1549 1494 1652 1552; x_wconf 91' lang='lat' dir='ltr'>ducem</span> <span class='ocrx_word' id='word_1_190' title='bbox 1664 1511 1729 1553; x_wconf 90' lang='lat' dir='ltr'>cum</span> <span class='ocrx_word' id='word_1_191' title='bbox 1742 1504 1827 1570; x_wconf 91' lang='lat' dir='ltr'>parte</span> 
     </span>
     <span class='ocr_line' id='line_1_32' title="bbox 1003 1578 1827 1656; baseline 0.016 -26"><span class='ocrx_word' id='word_1_192' title='bbox 1003 1578 1152 1633; x_wconf 88' lang='lat' dir='ltr'>exercitus</span> <span class='ocrx_word' id='word_1_193' title='bbox 1164 1578 1203 1633; x_wconf 91' lang='lat' dir='ltr'>ihi</span> <span class='ocrx_word' id='word_1_194' title='bbox 1216 1578 1334 1649; x_wconf 86' lang='lat' dir='ltr'>dimisit,</span> <span class='ocrx_word' id='word_1_195' title='bbox 1344 1580 1392 1649; x_wconf 82' lang='lat' dir='ltr'>qui</span> <span class='ocrx_word' id='word_1_196' title='bbox 1403 1595 1516 1637; x_wconf 91' lang='lat' dir='ltr'>omnem</span> <span class='ocrx_word' id='word_1_197' title='bbox 1527 1582 1638 1639; x_wconf 90' lang='lat' dir='ltr'>ltaliam</span> <span class='ocrx_word' id='word_1_198' title='bbox 1649 1583 1751 1641; x_wconf 92' lang='lat' dir='ltr'>ditioni</span> <span class='ocrx_word' id='word_1_199' title='bbox 1764 1587 1827 1656; x_wconf 74' lang='lat' dir='ltr'>eius</span> 
     </span>
    </p>
   </div>
   <div class='ocr_carea' id='block_1_7' title="bbox 62 1664 1828 2182">
    <p class='ocr_par' dir='ltr' id='par_1_7' title="bbox 62 1664 1828 2182">
     <span class='ocr_line' id='line_1_33' title="bbox 62 1664 1828 1744; baseline 0.005 -20"><span class='ocrx_word' id='word_1_200' title='bbox 62 1672 75 1699; x_wconf 84' lang='lat'><strong>·</strong></span> <span class='ocrx_word' id='word_1_201' title='bbox 125 1670 221 1726; x_wconf 90' lang='lat' dir='ltr'>fuerat</span> <span class='ocrx_word' id='word_1_202' title='bbox 232 1668 383 1739; x_wconf 84' lang='lat' dir='ltr'>suppliciis</span> <span class='ocrx_word' id='word_1_203' title='bbox 394 1668 526 1738; x_wconf 88' lang='lat' dir='ltr'>affectus,</span> <span class='ocrx_word' id='word_1_204' title='bbox 541 1684 605 1724; x_wconf 89' lang='lat' dir='ltr'>cum</span> <span class='ocrx_word' id='word_1_205' title='bbox 620 1674 791 1726; x_wconf 91' lang='lat' dir='ltr'>tonsuratus</span> <span class='ocrx_word' id='word_1_206' title='bbox 802 1675 903 1740; x_wconf 91' lang='lat' dir='ltr'>postea</span> <span class='ocrx_word' id='word_1_207' title='bbox 916 1675 944 1725; x_wconf 89' lang='lat' dir='ltr'>et</span> <span class='ocrx_word' id='word_1_208' title='bbox 960 1680 988 1744; x_wconf 79' lang='grc' dir='ltr'><strong>Β</strong></span> <span class='ocrx_word' id='word_1_209' title='bbox 1004 1664 1134 1721; x_wconf 88' lang='lat' dir='ltr'>subdidit</span> <span class='ocrx_word' id='word_1_210' title='bbox 1146 1671 1233 1736; x_wconf 81' lang='lat' dir='ltr'>atoue</span> <span class='ocrx_word' id='word_1_211' title='bbox 1246 1668 1382 1737; x_wconf 89' lang='lat' dir='ltr'>Siciliam,</span> <span class='ocrx_word' id='word_1_212' title='bbox 1394 1674 1424 1725; x_wconf 91' lang='lat' dir='ltr'>et</span> <span class='ocrx_word' id='word_1_213' title='bbox 1436 1670 1587 1728; x_wconf 87' lang='lat' dir='ltr'>thesauros</span> <span class='ocrx_word' id='word_1_214' title='bbox 1598 1673 1828 1733; x_wconf 85' lang='lat' dir='ltr'>innumerabiles</span> 
     </span>
     <span class='ocr_line' id='line_1_34' title="bbox 123 1753 1826 1831; baseline 0.001 -17"><span class='ocrx_word' id='word_1_215' title='bbox 123 1756 268 1814; x_wconf 89' lang='lat' dir='ltr'>electione</span> <span class='ocrx_word' id='word_1_216' title='bbox 283 1757 354 1812; x_wconf 91' lang='lat' dir='ltr'>cieri</span> <span class='ocrx_word' id='word_1_217' title='bbox 370 1761 399 1812; x_wconf 91' lang='lat' dir='ltr'>et</span> <span class='ocrx_word' id='word_1_218' title='bbox 416 1756 514 1828; x_wconf 93' lang='lat' dir='ltr'>populi</span> <span class='ocrx_word' id='word_1_219' title='bbox 529 1758 706 1814; x_wconf 83' lang='lat' dir='ltr'>virdunensi</span> <span class='ocrx_word' id='word_1_220' title='bbox 723 1759 828 1814; x_wconf 90' lang='lat' dir='ltr'>fuisset</span> <span class='ocrx_word' id='word_1_221' title='bbox 846 1758 947 1830; x_wconf 75' lang='grc'>444414-</span> <span class='ocrx_word' id='word_1_222' title='bbox 1003 1754 1029 1808; x_wconf 80' lang='lat' dir='ltr'>ei</span> <span class='ocrx_word' id='word_1_223' title='bbox 1045 1753 1160 1810; x_wconf 78' lang='lat' dir='ltr'>direxit.</span> <span class='ocrx_word' id='word_1_224' title='bbox 1186 1756 1334 1828; x_wconf 78' lang='lat' dir='ltr'>(Fueuec.)</span> <span class='ocrx_word' id='word_1_225' title='bbox 1357 1758 1457 1827; x_wconf 82' lang='lat' dir='ltr'>Magna</span> <span class='ocrx_word' id='word_1_226' title='bbox 1474 1759 1549 1814; x_wconf 91' lang='lat' dir='ltr'>euim</span> <span class='ocrx_word' id='word_1_227' title='bbox 1566 1758 1691 1817; x_wconf 80' lang='lat' dir='ltr'>felicitas</span> <span class='ocrx_word' id='word_1_228' title='bbox 1705 1763 1783 1831; x_wconf 84' lang='lat' dir='ltr'>regis</span> <span class='ocrx_word' id='word_1_229' title='bbox 1798 1764 1826 1818; x_wconf 94' lang='lat' dir='ltr'>in</span> 
     </span>
     <span class='ocr_line' id='line_1_35' title="bbox 126 1841 1826 1918; baseline 0.002 -16"><span class='ocrx_word' id='word_1_230' title='bbox 126 1851 173 1902; x_wconf 95' lang='lat' dir='ltr'>tus</span> <span class='ocrx_word' id='word_1_231' title='bbox 189 1844 333 1915; x_wconf 84' lang='lat' dir='ltr'>ccclesiae,</span> <span class='ocrx_word' id='word_1_232' title='bbox 348 1845 544 1902; x_wconf 86' lang='lat' dir='ltr'>Theodericus</span> <span class='ocrx_word' id='word_1_233' title='bbox 561 1851 719 1917; x_wconf 90' lang='lat' dir='ltr'>perpetuas</span> <span class='ocrx_word' id='word_1_234' title='bbox 731 1846 861 1903; x_wconf 87' lang='lat' dir='ltr'>retinens</span> <span class='ocrx_word' id='word_1_235' title='bbox 877 1861 944 1916; x_wconf 84' lang='lat' dir='ltr'>erga</span> <span class='ocrx_word' id='word_1_236' title='bbox 1003 1841 1048 1898; x_wconf 76' lang='lat' dir='ltr'>his</span> <span class='ocrx_word' id='word_1_237' title='bbox 1073 1843 1206 1899; x_wconf 81' lang='lat' dir='ltr'>omnibus</span> <span class='ocrx_word' id='word_1_238' title='bbox 1227 1844 1291 1913; x_wconf 84' lang='lat' dir='ltr'>tuit,</span> <span class='ocrx_word' id='word_1_239' title='bbox 1315 1846 1380 1915; x_wconf 80' lang='lat' dir='ltr'>quia</span> <span class='ocrx_word' id='word_1_240' title='bbox 1394 1845 1490 1902; x_wconf 85' lang='lat' dir='ltr'>timuit</span> <span class='ocrx_word' id='word_1_241' title='bbox 1506 1846 1666 1918; x_wconf 85' lang='lat' dir='ltr'>Dominum,</span> <span class='ocrx_word' id='word_1_242' title='bbox 1683 1853 1711 1904; x_wconf 89' lang='lat' dir='ltr'>et</span> <span class='ocrx_word' id='word_1_243' title='bbox 1729 1863 1826 1906; x_wconf 89' lang='lat' dir='ltr'>sacer-</span> 
     </span>
     <span class='ocr_line' id='line_1_36' title="bbox 125 1929 1825 2008; baseline 0.002 -18"><span class='ocrx_word' id='word_1_244' title='bbox 125 1949 190 1990; x_wconf 88' lang='lat' dir='ltr'>eum</span> <span class='ocrx_word' id='word_1_245' title='bbox 208 1934 383 2004; x_wconf 85' lang='lat' dir='ltr'>inimicitias,</span> <span class='ocrx_word' id='word_1_246' title='bbox 402 1934 467 2004; x_wconf 84' lang='lat' dir='ltr'>quia</span> <span class='ocrx_word' id='word_1_247' title='bbox 491 1949 547 1991; x_wconf 93' lang='lat' dir='ltr'>non</span> <span class='ocrx_word' id='word_1_248' title='bbox 564 1935 744 1992; x_wconf 89' lang='lat' dir='ltr'>consentiret</span> <span class='ocrx_word' id='word_1_249' title='bbox 768 1936 867 2008; x_wconf 85' lang='lat' dir='ltr'>prauis</span> <span class='ocrx_word' id='word_1_250' title='bbox 884 1937 946 2007; x_wconf 88' lang='lat' dir='ltr'>ejus</span> <span class='ocrx_word' id='word_1_251' title='bbox 1003 1929 1086 1986; x_wconf 90' lang='lat' dir='ltr'>dotes</span> <span class='ocrx_word' id='word_1_252' title='bbox 1102 1937 1129 1985; x_wconf 93' lang='lat' dir='ltr'>et</span> <span class='ocrx_word' id='word_1_253' title='bbox 1155 1930 1298 1988; x_wconf 89' lang='lat' dir='ltr'>ecclesias</span> <span class='ocrx_word' id='word_1_254' title='bbox 1316 1933 1380 2003; x_wconf 87' lang='lat' dir='ltr'>ejus</span> <span class='ocrx_word' id='word_1_255' title='bbox 1401 1933 1604 1991; x_wconf 84' lang='lat' dir='ltr'>venerabatur.</span> <span class='ocrx_word' id='word_1_256' title='bbox 1623 1935 1722 2005; x_wconf 82' lang='lat' dir='ltr'>(Grec.</span> <span class='ocrx_word' id='word_1_257' title='bbox 1745 1937 1825 2008; x_wconf 78' lang='lat' dir='ltr'>Tur.)</span> 
     </span>
     <span class='ocr_line' id='line_1_37' title="bbox 125 2017 1828 2095; baseline 0.001 -16"><span class='ocrx_word' id='word_1_258' title='bbox 125 2023 273 2094; x_wconf 88' lang='lat' dir='ltr'>operibus,</span> <span class='ocrx_word' id='word_1_259' title='bbox 302 2023 450 2078; x_wconf 88' lang='lat' dir='ltr'>civitatem</span> <span class='ocrx_word' id='word_1_260' title='bbox 467 2038 530 2078; x_wconf 94' lang='lat' dir='ltr'>cum</span> <span class='ocrx_word' id='word_1_261' title='bbox 554 2022 771 2080; x_wconf 91' lang='lat' dir='ltr'>habitatoribus</span> <span class='ocrx_word' id='word_1_262' title='bbox 794 2024 947 2080; x_wconf 82' lang='grc'>444444444-</span> <span class='ocrx_word' id='word_1_263' title='bbox 1003 2017 1828 2095; x_wconf 79' lang='lat' dir='ltr'>tuditaigiturpetitionevirdunensisepiscopi,rexsu-</span> 
     </span>
     <span class='ocr_line' id='line_1_38' title="bbox 126 2107 1828 2182; baseline 0.009 -28"><span class='ocrx_word' id='word_1_264' title='bbox 126 2115 172 2167; x_wconf 72' lang='lat' dir='ltr'>tpp</span> <span class='ocrx_word' id='word_1_265' title='bbox 194 2112 318 2167; x_wconf 66' lang='lat' dir='ltr'>altpivil,</span> <span class='ocrx_word' id='word_1_266' title='bbox 337 2112 509 2182; x_wconf 69' lang='lat' dir='ltr'>Supervenit</span> <span class='ocrx_word' id='word_1_267' title='bbox 533 2111 654 2182; x_wconf 65' lang='lat' dir='ltr'>insuper</span> <span class='ocrx_word' id='word_1_268' title='bbox 673 2112 770 2168; x_wconf 75' lang='lat' dir='ltr'>divino</span> <span class='ocrx_word' id='word_1_269' title='bbox 782 2111 892 2181; x_wconf 75' lang='lat' dir='ltr'>judicio</span> <span class='ocrx_word' id='word_1_270' title='bbox 908 2114 920 2167; x_wconf 76' lang='lat' dir='ltr'>f</span> <span class='ocrx_word' id='word_1_271' title='bbox 936 2144 946 2154; x_wconf 95' lang='lat'>.</span> <span class='ocrx_word' id='word_1_272' title='bbox 1002 2107 1074 2171; x_wconf 88' lang='lat' dir='ltr'>huit,</span> <span class='ocrx_word' id='word_1_273' title='bbox 1093 2107 1233 2163; x_wconf 69' lang='lat' dir='ltr'>moitisad</span> <span class='ocrx_word' id='word_1_274' title='bbox 1251 2108 1655 2182; x_wconf 71' lang='lat' dir='ltr'>misericordialli‚ei86pissm</span> <span class='ocrx_word' id='word_1_275' title='bbox 1667 2110 1744 2168; x_wconf 83' lang='lat' dir='ltr'>milia</span> <span class='ocrx_word' id='word_1_276' title='bbox 1759 2112 1828 2169; x_wconf 76' lang='lat' dir='ltr'>SOli·</span> 
     </span>
    </p>
   </div>
   <div class='ocr_carea' id='block_1_8' title="bbox 126 2199 948 2708">
    <p class='ocr_par' dir='ltr' id='par_1_8' title="bbox 126 2199 948 2708">
     <span class='ocr_line' id='line_1_39' title="bbox 126 2199 945 2270; baseline 0.002 -16"><span class='ocrx_word' id='word_1_277' title='bbox 126 2213 186 2255; x_wconf 81' lang='lat' dir='ltr'>mes</span> <span class='ocrx_word' id='word_1_278' title='bbox 202 2199 295 2256; x_wconf 89' lang='lat' dir='ltr'>valida</span> <span class='ocrx_word' id='word_1_279' title='bbox 312 2199 438 2255; x_wconf 89' lang='lat' dir='ltr'>invalido</span> <span class='ocrx_word' id='word_1_280' title='bbox 452 2199 582 2255; x_wconf 86' lang='lat' dir='ltr'>civitatis</span> <span class='ocrx_word' id='word_1_281' title='bbox 598 2199 715 2270; x_wconf 86' lang='lat' dir='ltr'>populo,</span> <span class='ocrx_word' id='word_1_282' title='bbox 734 2214 789 2270; x_wconf 84' lang='lat' dir='ltr'>nna</span> <span class='ocrx_word' id='word_1_283' title='bbox 801 2202 945 2256; x_wconf 89' lang='lat' dir='ltr'>attenuati</span> 
     </span>
     <span class='ocr_line' id='line_1_40' title="bbox 127 2286 946 2358; baseline 0.002 -17"><span class='ocrx_word' id='word_1_284' title='bbox 127 2287 154 2341; x_wconf 92' lang='lat' dir='ltr'>in</span> <span class='ocrx_word' id='word_1_285' title='bbox 172 2287 325 2343; x_wconf 90' lang='lat' dir='ltr'>athictione</span> <span class='ocrx_word' id='word_1_286' title='bbox 351 2287 436 2342; x_wconf 90' lang='lat' dir='ltr'>nimia</span> <span class='ocrx_word' id='word_1_287' title='bbox 453 2293 536 2348; x_wconf 85' lang='lat' dir='ltr'>eraut</span> <span class='ocrx_word' id='word_1_288' title='bbox 552 2286 651 2357; x_wconf 90' lang='lat' dir='ltr'>positi.</span> <span class='ocrx_word' id='word_1_289' title='bbox 669 2286 738 2356; x_wconf 83' lang='grc'>(14.)</span> <span class='ocrx_word' id='word_1_290' title='bbox 753 2288 867 2342; x_wconf 87' lang='lat' dir='ltr'>Etcum</span> <span class='ocrx_word' id='word_1_291' title='bbox 884 2288 946 2358; x_wconf 91' lang='lat' dir='ltr'>ipse</span> 
     </span>
     <span class='ocr_line' id='line_1_41' title="bbox 127 2374 946 2446; baseline 0.002 -17"><span class='ocrx_word' id='word_1_292' title='bbox 127 2374 161 2430; x_wconf 92' lang='lat' dir='ltr'>de</span> <span class='ocrx_word' id='word_1_293' title='bbox 179 2376 265 2431; x_wconf 93' lang='lat' dir='ltr'>rebus</span> <span class='ocrx_word' id='word_1_294' title='bbox 280 2375 341 2431; x_wconf 89' lang='lat' dir='ltr'>suis</span> <span class='ocrx_word' id='word_1_295' title='bbox 358 2387 408 2446; x_wconf 92' lang='lat' dir='ltr'>per</span> <span class='ocrx_word' id='word_1_296' title='bbox 423 2374 632 2430; x_wconf 86' lang='lat' dir='ltr'>Theodericum</span> <span class='ocrx_word' id='word_1_297' title='bbox 646 2375 835 2430; x_wconf 89' lang='lat' dir='ltr'>remansisset</span> <span class='ocrx_word' id='word_1_298' title='bbox 850 2380 946 2431; x_wconf 90' lang='lat' dir='ltr'>extra-</span> 
     </span>
     <span class='ocr_line' id='line_1_42' title="bbox 126 2460 946 2533; baseline 0.001 -17"><span class='ocrx_word' id='word_1_299' title='bbox 126 2475 208 2529; x_wconf 92' lang='lat' dir='ltr'>neus,</span> <span class='ocrx_word' id='word_1_300' title='bbox 226 2476 278 2518; x_wconf 92' lang='lat' dir='ltr'>nec</span> <span class='ocrx_word' id='word_1_301' title='bbox 294 2463 415 2518; x_wconf 89' lang='lat' dir='ltr'>haberet</span> <span class='ocrx_word' id='word_1_302' title='bbox 432 2476 467 2519; x_wconf 90' lang='lat' dir='ltr'>ex</span> <span class='ocrx_word' id='word_1_303' title='bbox 491 2462 620 2533; x_wconf 90' lang='lat' dir='ltr'>proprio,</span> <span class='ocrx_word' id='word_1_304' title='bbox 639 2460 766 2531; x_wconf 73' lang='lat' dir='ltr'>usualiter</span> <span class='ocrx_word' id='word_1_305' title='bbox 781 2461 946 2532; x_wconf 81' lang='lat' dir='ltr'>indigentes</span> 
     </span>
     <span class='ocr_line' id='line_1_43' title="bbox 126 2548 946 2619; baseline 0.001 -15"><span class='ocrx_word' id='word_1_306' title='bbox 126 2555 156 2604; x_wconf 90' lang='lat' dir='ltr'>et</span> <span class='ocrx_word' id='word_1_307' title='bbox 172 2551 332 2606; x_wconf 91' lang='lat' dir='ltr'>destitutos</span> <span class='ocrx_word' id='word_1_308' title='bbox 352 2551 431 2607; x_wconf 89' lang='lat' dir='ltr'>circs</span> <span class='ocrx_word' id='word_1_309' title='bbox 458 2565 527 2606; x_wconf 91' lang='lat' dir='ltr'>suos</span> <span class='ocrx_word' id='word_1_310' title='bbox 544 2548 758 2619; x_wconf 89' lang='lat' dir='ltr'>consolaretur,</span> <span class='ocrx_word' id='word_1_311' title='bbox 783 2549 901 2606; x_wconf 90' lang='lat' dir='ltr'>dolebat</span> <span class='ocrx_word' id='word_1_312' title='bbox 918 2559 946 2605; x_wconf 88' lang='lat' dir='ltr'>et</span> 
     </span>
     <span class='ocr_line' id='line_1_44' title="bbox 127 2636 948 2708; baseline 0.004 -18"><span class='ocrx_word' id='word_1_313' title='bbox 127 2636 313 2693; x_wconf 88' lang='lat' dir='ltr'>tristabatur.</span> <span class='ocrx_word' id='word_1_314' title='bbox 341 2639 392 2706; x_wconf 89' lang='lat' dir='ltr'>(ru,</span> <span class='ocrx_word' id='word_1_315' title='bbox 409 2640 454 2704; x_wconf 71' lang='lat'>23,</span> <span class='ocrx_word' id='word_1_316' title='bbox 470 2639 527 2708; x_wconf 75' lang='grc'>34.)</span> <span class='ocrx_word' id='word_1_317' title='bbox 552 2637 695 2693; x_wconf 79' lang='lat' dir='ltr'>Defuncto</span> <span class='ocrx_word' id='word_1_318' title='bbox 710 2643 807 2694; x_wconf 89' lang='lat' dir='ltr'>autem</span> <span class='ocrx_word' id='word_1_319' title='bbox 822 2637 948 2693; x_wconf 87' lang='lat' dir='ltr'>Theode-</span> 
     </span>
    </p>
   </div>
   <div class='ocr_carea' id='block_1_9' title="bbox 1002 2193 1828 2708">
    <p class='ocr_par' dir='ltr' id='par_1_9' title="bbox 1002 2193 1828 2708">
     <span class='ocr_line' id='line_1_45' title="bbox 1002 2193 1828 2269; baseline 0.01 -21"><span class='ocrx_word' id='word_1_320' title='bbox 1002 2193 1104 2251; x_wconf 88' lang='lat' dir='ltr'>dorum</span> <span class='ocrx_word' id='word_1_321' title='bbox 1118 2196 1143 2252; x_wconf 92' lang='grc'>44</span> <span class='ocrx_word' id='word_1_322' title='bbox 1157 2195 1286 2265; x_wconf 89' lang='lat' dir='ltr'>tradens,</span> <span class='ocrx_word' id='word_1_323' title='bbox 1299 2197 1496 2253; x_wconf 82' lang='lat' dir='ltr'>conditionem</span> <span class='ocrx_word' id='word_1_324' title='bbox 1508 2197 1678 2269; x_wconf 86' lang='lat' dir='ltr'>adscripsit,</span> <span class='ocrx_word' id='word_1_325' title='bbox 1692 2205 1769 2256; x_wconf 90' lang='lat' dir='ltr'>uteo</span> <span class='ocrx_word' id='word_1_326' title='bbox 1785 2206 1828 2257; x_wconf 90' lang='lat' dir='ltr'>te·</span> 
     </span>
     <span class='ocr_line' id='line_1_46' title="bbox 1003 2284 1825 2355; baseline 0.007 -17"><span class='ocrx_word' id='word_1_327' title='bbox 1003 2297 1071 2338; x_wconf 92' lang='lat' dir='ltr'>nore</span> <span class='ocrx_word' id='word_1_328' title='bbox 1088 2284 1249 2354; x_wconf 88' lang='lat' dir='ltr'>partiretur</span> <span class='ocrx_word' id='word_1_329' title='bbox 1265 2284 1473 2354; x_wconf 79' lang='lat' dir='ltr'>indigentibus,</span> <span class='ocrx_word' id='word_1_330' title='bbox 1487 2290 1630 2355; x_wconf 85' lang='lat' dir='ltr'>qrratenus</span> <span class='ocrx_word' id='word_1_331' title='bbox 1646 2291 1699 2344; x_wconf 91' lang='lat' dir='ltr'>hoc</span> <span class='ocrx_word' id='word_1_332' title='bbox 1716 2288 1825 2344; x_wconf 88' lang='lat' dir='ltr'>auxilio</span> 
     </span>
     <span class='ocr_line' id='line_1_47' title="bbox 1002 2370 1827 2444; baseline 0.005 -17"><span class='ocrx_word' id='word_1_333' title='bbox 1002 2371 1080 2427; x_wconf 86' lang='lat' dir='ltr'>victo</span> <span class='ocrx_word' id='word_1_334' title='bbox 1096 2371 1179 2427; x_wconf 90' lang='lat' dir='ltr'>famis</span> <span class='ocrx_word' id='word_1_335' title='bbox 1192 2370 1328 2443; x_wconf 87' lang='lat' dir='ltr'>dominio,</span> <span class='ocrx_word' id='word_1_336' title='bbox 1343 2387 1393 2430; x_wconf 93' lang='lat' dir='ltr'>sua</span> <span class='ocrx_word' id='word_1_337' title='bbox 1406 2373 1460 2429; x_wconf 90' lang='lat' dir='ltr'>sibi</span> <span class='ocrx_word' id='word_1_338' title='bbox 1477 2388 1542 2430; x_wconf 91' lang='lat' dir='ltr'>cum</span> <span class='ocrx_word' id='word_1_339' title='bbox 1560 2374 1655 2444; x_wconf 90' lang='lat' dir='ltr'>gratia</span> <span class='ocrx_word' id='word_1_340' title='bbox 1672 2376 1827 2433; x_wconf 91' lang='lat' dir='ltr'>redderen-</span> 
     </span>
     <span class='ocr_line' id='line_1_48' title="bbox 1002 2460 1826 2536; baseline 0.007 -23"><span class='ocrx_word' id='word_1_341' title='bbox 1002 2463 1050 2516; x_wconf 89' lang='lat' dir='ltr'>tur</span> <span class='ocrx_word' id='word_1_342' title='bbox 1064 2473 1239 2517; x_wconf 88' lang='lat' dir='ltr'>exnumero.</span> <span class='ocrx_word' id='word_1_343' title='bbox 1252 2460 1304 2529; x_wconf 80' lang='lat' dir='ltr'>(ru,</span> <span class='ocrx_word' id='word_1_344' title='bbox 1318 2463 1373 2532; x_wconf 94' lang='grc'>34.)</span> <span class='ocrx_word' id='word_1_345' title='bbox 1390 2460 1459 2528; x_wconf 74' lang='lat' dir='ltr'>Quae</span> <span class='ocrx_word' id='word_1_346' title='bbox 1472 2462 1602 2532; x_wconf 80' lang='lat' dir='ltr'>pontifex</span> <span class='ocrx_word' id='word_1_347' title='bbox 1615 2463 1763 2534; x_wconf 90' lang='lat' dir='ltr'>accipiens</span> <span class='ocrx_word' id='word_1_348' title='bbox 1774 2478 1826 2536; x_wconf 93' lang='lat' dir='ltr'>per</span> 
     </span>
     <span class='ocr_line' id='line_1_49' title="bbox 1002 2548 1822 2623; baseline 0.006 -20"><span class='ocrx_word' id='word_1_349' title='bbox 1002 2548 1080 2604; x_wconf 90' lang='lat' dir='ltr'>cives</span> <span class='ocrx_word' id='word_1_350' title='bbox 1089 2562 1158 2605; x_wconf 91' lang='lat' dir='ltr'>suos</span> <span class='ocrx_word' id='word_1_351' title='bbox 1168 2549 1309 2620; x_wconf 89' lang='lat' dir='ltr'>erogavit,</span> <span class='ocrx_word' id='word_1_352' title='bbox 1320 2548 1395 2605; x_wconf 91' lang='lat' dir='ltr'>uude</span> <span class='ocrx_word' id='word_1_353' title='bbox 1404 2553 1432 2605; x_wconf 93' lang='lat' dir='ltr'>et</span> <span class='ocrx_word' id='word_1_354' title='bbox 1441 2550 1639 2619; x_wconf 82' lang='lat' dir='ltr'>negotiatores</span> <span class='ocrx_word' id='word_1_355' title='bbox 1649 2551 1716 2607; x_wconf 90' lang='lat' dir='ltr'>lacti</span> <span class='ocrx_word' id='word_1_356' title='bbox 1730 2566 1822 2623; x_wconf 87' lang='lat' dir='ltr'>usque</span> 
     </span>
     <span class='ocr_line' id='line_1_50' title="bbox 1002 2635 1825 2708; baseline 0.002 -16"><span class='ocrx_word' id='word_1_357' title='bbox 1002 2635 1087 2692; x_wconf 92' lang='lat' dir='ltr'>hodie</span> <span class='ocrx_word' id='word_1_358' title='bbox 1106 2635 1177 2692; x_wconf 90' lang='lat' dir='ltr'>clari</span> <span class='ocrx_word' id='word_1_359' title='bbox 1193 2636 1345 2693; x_wconf 87' lang='lat' dir='ltr'>habentur.</span> <span class='ocrx_word' id='word_1_360' title='bbox 1365 2638 1493 2708; x_wconf 78' lang='lat' dir='ltr'>Cumque</span> <span class='ocrx_word' id='word_1_361' title='bbox 1508 2637 1561 2694; x_wconf 90' lang='lat' dir='ltr'>hcc</span> <span class='ocrx_word' id='word_1_362' title='bbox 1578 2637 1684 2695; x_wconf 90' lang='lat' dir='ltr'>solatio</span> <span class='ocrx_word' id='word_1_363' title='bbox 1701 2640 1780 2695; x_wconf 91' lang='lat' dir='ltr'>docti</span> <span class='ocrx_word' id='word_1_364' title='bbox 1798 2640 1825 2695; x_wconf 89' lang='lat' dir='ltr'>in</span> 
     </span>
    </p>
   </div>
   <div class='ocr_carea' id='block_1_10' title="bbox 127 2724 1874 3499">
    <p class='ocr_par' dir='ltr' id='par_1_10' title="bbox 127 2724 1874 3499">
     <span class='ocr_line' id='line_1_51' title="bbox 128 2724 1825 2799; baseline 0.003 -20"><span class='ocrx_word' id='word_1_365' title='bbox 128 2725 278 2781; x_wconf 88' lang='lat' dir='ltr'>ricoaune</span> <span class='ocrx_word' id='word_1_366' title='bbox 305 2726 386 2794; x_wconf 88' lang='lat' dir='ltr'>regni</span> <span class='ocrx_word' id='word_1_367' title='bbox 416 2725 459 2781; x_wconf 90' lang='lat' dir='ltr'>sui</span> <span class='ocrx_word' id='word_1_368' title='bbox 483 2729 527 2794; x_wconf 76' lang='grc'>43,</span> <span class='ocrx_word' id='word_1_369' title='bbox 545 2726 581 2780; x_wconf 88' lang='lat' dir='ltr'>ab</span> <span class='ocrx_word' id='word_1_370' title='bbox 611 2725 811 2782; x_wconf 84' lang='lat' dir='ltr'>incarnatione</span> <span class='ocrx_word' id='word_1_371' title='bbox 835 2725 946 2781; x_wconf 87' lang='lat' dir='ltr'>Domini</span> <span class='ocrx_word' id='word_1_372' title='bbox 1003 2724 1106 2780; x_wconf 90' lang='lat' dir='ltr'>melius</span> <span class='ocrx_word' id='word_1_373' title='bbox 1121 2724 1322 2795; x_wconf 89' lang='lat' dir='ltr'>experimento</span> <span class='ocrx_word' id='word_1_374' title='bbox 1337 2724 1460 2796; x_wconf 88' lang='lat' dir='ltr'>periculi</span> <span class='ocrx_word' id='word_1_375' title='bbox 1477 2725 1692 2783; x_wconf 84' lang='lat' dir='ltr'>mediocritatis</span> <span class='ocrx_word' id='word_1_376' title='bbox 1708 2728 1825 2799; x_wconf 71' lang='lat' dir='ltr'>optimae</span> 
     </span>
     <span class='ocr_line' id='line_1_52' title="bbox 127 2811 1825 2885; baseline 0.001 -17"><span class='ocrx_word' id='word_1_377' title='bbox 127 2815 189 2880; x_wconf 80' lang='grc'>444,</span> <span class='ocrx_word' id='word_1_378' title='bbox 206 2827 269 2868; x_wconf 92' lang='lat' dir='ltr'>cum</span> <span class='ocrx_word' id='word_1_379' title='bbox 293 2812 510 2869; x_wconf 80' lang='lat' dir='ltr'>theodebertus</span> <span class='ocrx_word' id='word_1_380' title='bbox 526 2811 679 2882; x_wconf 79' lang='lat' dir='ltr'>filiuseius</span> <span class='ocrx_word' id='word_1_381' title='bbox 702 2826 822 2883; x_wconf 89' lang='lat' dir='ltr'>regnum</span> <span class='ocrx_word' id='word_1_382' title='bbox 851 2828 948 2870; x_wconf 91' lang='lat' dir='ltr'>susce·</span> <span class='ocrx_word' id='word_1_383' title='bbox 1003 2812 1125 2870; x_wconf 89' lang='lat' dir='ltr'>scientia</span> <span class='ocrx_word' id='word_1_384' title='bbox 1138 2813 1340 2884; x_wconf 89' lang='lat' dir='ltr'>profecissent,</span> <span class='ocrx_word' id='word_1_385' title='bbox 1354 2813 1825 2885; x_wconf 90' lang='lat' dir='ltr'>etproculrespicereprcximum</span> 
     </span>
     <span class='ocr_line' id='line_1_53' title="bbox 128 2899 1828 2973; baseline 0.004 -20"><span class='ocrx_word' id='word_1_386' title='bbox 128 2899 230 2970; x_wconf 91' lang='lat' dir='ltr'>pisset,</span> <span class='ocrx_word' id='word_1_387' title='bbox 248 2904 275 2955; x_wconf 92' lang='lat' dir='ltr'>ct</span> <span class='ocrx_word' id='word_1_388' title='bbox 291 2903 393 2957; x_wconf 91' lang='lat' dir='ltr'>contra</span> <span class='ocrx_word' id='word_1_389' title='bbox 418 2899 598 2957; x_wconf 88' lang='lat' dir='ltr'>voluntatem</span> <span class='ocrx_word' id='word_1_390' title='bbox 615 2900 792 2957; x_wconf 73' lang='lat' dir='ltr'>childeberti</span> <span class='ocrx_word' id='word_1_391' title='bbox 809 2906 838 2956; x_wconf 93' lang='lat' dir='ltr'>et</span> <span class='ocrx_word' id='word_1_392' title='bbox 855 2901 949 2958; x_wconf 82' lang='lat' dir='ltr'>Clota·</span> <span class='ocrx_word' id='word_1_393' title='bbox 1004 2902 1110 2958; x_wconf 88' lang='lat' dir='ltr'>bonum</span> <span class='ocrx_word' id='word_1_394' title='bbox 1121 2915 1185 2956; x_wconf 91' lang='lat' dir='ltr'>esse</span> <span class='ocrx_word' id='word_1_395' title='bbox 1197 2900 1382 2971; x_wconf 87' lang='lat' dir='ltr'>didicissent,</span> <span class='ocrx_word' id='word_1_396' title='bbox 1393 2903 1543 2973; x_wconf 89' lang='lat' dir='ltr'>pecuniam</span> <span class='ocrx_word' id='word_1_397' title='bbox 1556 2901 1693 2958; x_wconf 86' lang='lat' dir='ltr'>alacriter</span> <span class='ocrx_word' id='word_1_398' title='bbox 1705 2903 1828 2960; x_wconf 90' lang='lat' dir='ltr'>recolle-</span> 
     </span>
     <span class='ocr_line' id='line_1_54' title="bbox 129 2988 1825 3060; baseline 0.002 -18"><span class='ocrx_word' id='word_1_399' title='bbox 129 2988 162 3043; x_wconf 92' lang='lat' dir='ltr'>rii</span> <span class='ocrx_word' id='word_1_400' title='bbox 175 2988 203 3042; x_wconf 93' lang='lat' dir='ltr'>in</span> <span class='ocrx_word' id='word_1_401' title='bbox 215 3002 305 3057; x_wconf 86' lang='lat' dir='ltr'>reguo</span> <span class='ocrx_word' id='word_1_402' title='bbox 316 2989 400 3045; x_wconf 89' lang='lat' dir='ltr'>asnis</span> <span class='ocrx_word' id='word_1_403' title='bbox 411 2989 546 3046; x_wconf 89' lang='lat' dir='ltr'>leudibus</span> <span class='ocrx_word' id='word_1_404' title='bbox 558 2989 795 3046; x_wconf 90' lang='lat' dir='ltr'>essetstabilitus</span> <span class='ocrx_word' id='word_1_405' title='bbox 806 2990 948 3060; x_wconf 86' lang='lat' dir='ltr'>atqnetir-</span> <span class='ocrx_word' id='word_1_406' title='bbox 1002 2993 1118 3058; x_wconf 88' lang='lat' dir='ltr'>gerunt,</span> <span class='ocrx_word' id='word_1_407' title='bbox 1135 2993 1165 3044; x_wconf 94' lang='lat' dir='ltr'>et</span> <span class='ocrx_word' id='word_1_408' title='bbox 1180 2989 1319 3060; x_wconf 91' lang='lat' dir='ltr'>episcopo</span> <span class='ocrx_word' id='word_1_409' title='bbox 1343 3003 1453 3059; x_wconf 76' lang='lat' dir='ltr'>maguae</span> <span class='ocrx_word' id='word_1_410' title='bbox 1469 2989 1571 3058; x_wconf 79' lang='lat' dir='ltr'>gretie</span> <span class='ocrx_word' id='word_1_411' title='bbox 1586 2988 1748 3045; x_wconf 89' lang='lat' dir='ltr'>mediatore</span> <span class='ocrx_word' id='word_1_412' title='bbox 1763 2993 1825 3060; x_wconf 82' lang='lat' dir='ltr'>regi</span> 
     </span>
     <span class='ocr_line' id='line_1_55' title="bbox 128 3076 1874 3148; baseline 0.001 -18"><span class='ocrx_word' id='word_1_413' title='bbox 128 3082 232 3147; x_wconf 87' lang='lat' dir='ltr'>matus,</span> <span class='ocrx_word' id='word_1_414' title='bbox 241 3081 270 3132; x_wconf 92' lang='lat' dir='ltr'>et</span> <span class='ocrx_word' id='word_1_415' title='bbox 281 3077 465 3148; x_wconf 92' lang='lat' dir='ltr'>postmodum</span> <span class='ocrx_word' id='word_1_416' title='bbox 477 3093 491 3133; x_wconf 90' lang='lat' dir='ltr'>a</span> <span class='ocrx_word' id='word_1_417' title='bbox 502 3077 689 3133; x_wconf 76' lang='lat' dir='ltr'>childeberto</span> <span class='ocrx_word' id='word_1_418' title='bbox 699 3078 831 3134; x_wconf 89' lang='lat' dir='ltr'>maximis</span> <span class='ocrx_word' id='word_1_419' title='bbox 852 3092 948 3134; x_wconf 89' lang='lat' dir='ltr'>mune·</span> <span class='ocrx_word' id='word_1_420' title='bbox 1003 3091 1067 3134; x_wconf 84' lang='lat' dir='ltr'>cunr</span> <span class='ocrx_word' id='word_1_421' title='bbox 1078 3076 1515 3147; x_wconf 81' lang='lat' dir='ltr'>votivisgratiarnnpraeconiis</span> <span class='ocrx_word' id='word_1_422' title='bbox 1528 3076 1709 3132; x_wconf 81' lang='lat' dir='ltr'>obtulerunt.</span> <span class='ocrx_word' id='word_1_423' title='bbox 1723 3079 1828 3134; x_wconf 83' lang='lat' dir='ltr'>Rexut</span> <span class='ocrx_word' id='word_1_424' title='bbox 1870 3139 1874 3142; x_wconf 51' lang='grc'>,</span> 
     </span>
     <span class='ocr_line' id='line_1_56' title="bbox 128 3162 1826 3235; baseline 0.002 -18"><span class='ocrx_word' id='word_1_425' title='bbox 128 3164 397 3235; x_wconf 87' lang='lat' dir='ltr'>rihusmuneratus,</span> <span class='ocrx_word' id='word_1_426' title='bbox 412 3165 439 3221; x_wconf 93' lang='lat' dir='ltr'>iu</span> <span class='ocrx_word' id='word_1_427' title='bbox 452 3164 802 3235; x_wconf 89' lang='lat' dir='ltr'>hliumessetadoptatus,</span> <span class='ocrx_word' id='word_1_428' title='bbox 814 3179 947 3235; x_wconf 88' lang='lat' dir='ltr'>magnum</span> <span class='ocrx_word' id='word_1_429' title='bbox 1002 3164 1130 3221; x_wconf 87' lang='lat' dir='ltr'>advertit</span> <span class='ocrx_word' id='word_1_430' title='bbox 1148 3163 1388 3233; x_wconf 83' lang='lat' dir='ltr'>sublevat-ionem,</span> <span class='ocrx_word' id='word_1_431' title='bbox 1405 3163 1478 3219; x_wconf 87' lang='lat' dir='ltr'>uidit</span> <span class='ocrx_word' id='word_1_432' title='bbox 1495 3162 1569 3219; x_wconf 72' lang='lat' dir='ltr'>laetae</span> <span class='ocrx_word' id='word_1_433' title='bbox 1585 3163 1751 3219; x_wconf 86' lang='lat' dir='ltr'>devotionis</span> <span class='ocrx_word' id='word_1_434' title='bbox 1768 3180 1826 3220; x_wconf 87' lang='lat' dir='ltr'>ma-</span> 
     </span>
     <span class='ocr_line' id='line_1_57' title="bbox 129 3251 1828 3324; baseline 0.001 -17"><span class='ocrx_word' id='word_1_435' title='bbox 129 3266 160 3307; x_wconf 94' lang='lat' dir='ltr'>se</span> <span class='ocrx_word' id='word_1_436' title='bbox 175 3257 203 3308; x_wconf 86' lang='lat' dir='ltr'>et</span> <span class='ocrx_word' id='word_1_437' title='bbox 230 3254 407 3324; x_wconf 75' lang='lat' dir='ltr'>praecipuum</span> <span class='ocrx_word' id='word_1_438' title='bbox 430 3253 458 3308; x_wconf 91' lang='lat' dir='ltr'>in</span> <span class='ocrx_word' id='word_1_439' title='bbox 474 3253 549 3309; x_wconf 93' lang='lat' dir='ltr'>omni</span> <span class='ocrx_word' id='word_1_440' title='bbox 575 3252 707 3310; x_wconf 87' lang='lat' dir='ltr'>bonitate</span> <span class='ocrx_word' id='word_1_441' title='bbox 722 3254 861 3309; x_wconf 89' lang='lat' dir='ltr'>ostendit.</span> <span class='ocrx_word' id='word_1_442' title='bbox 879 3254 946 3308; x_wconf 85' lang='lat' dir='ltr'>Erat</span> <span class='ocrx_word' id='word_1_443' title='bbox 1001 3252 1231 3322; x_wconf 88' lang='lat' dir='ltr'>gnanimitatem,</span> <span class='ocrx_word' id='word_1_444' title='bbox 1245 3254 1274 3307; x_wconf 92' lang='lat' dir='ltr'>et</span> <span class='ocrx_word' id='word_1_445' title='bbox 1282 3251 1424 3320; x_wconf 82' lang='lat' dir='ltr'>colligens</span> <span class='ocrx_word' id='word_1_446' title='bbox 1434 3252 1543 3321; x_wconf 89' lang='lat' dir='ltr'>regium</span> <span class='ocrx_word' id='word_1_447' title='bbox 1556 3252 1724 3322; x_wconf 77' lang='lat' dir='ltr'>etpccuniaa</span> <span class='ocrx_word' id='word_1_448' title='bbox 1736 3253 1828 3308; x_wconf 84' lang='grc'>44444·</span> 
     </span>
     <span class='ocr_line' id='line_1_58' title="bbox 127 3338 1827 3411; baseline 0.002 -18"><span class='ocrx_word' id='word_1_449' title='bbox 127 3340 204 3394; x_wconf 91' lang='lat' dir='ltr'>enim</span> <span class='ocrx_word' id='word_1_450' title='bbox 219 3355 339 3409; x_wconf 83' lang='lat' dir='ltr'>regnum</span> <span class='ocrx_word' id='word_1_451' title='bbox 355 3340 543 3410; x_wconf 73' lang='lat' dir='ltr'>cumiustitia</span> <span class='ocrx_word' id='word_1_452' title='bbox 558 3354 671 3410; x_wconf 87' lang='lat' dir='ltr'>regens,</span> <span class='ocrx_word' id='word_1_453' title='bbox 684 3340 852 3397; x_wconf 87' lang='lat' dir='ltr'>sacerdotes</span> <span class='ocrx_word' id='word_1_454' title='bbox 864 3355 948 3396; x_wconf 88' lang='lat' dir='ltr'>vene·</span> <span class='ocrx_word' id='word_1_455' title='bbox 1002 3344 1117 3396; x_wconf 89' lang='lat' dir='ltr'>nantem</span> <span class='ocrx_word' id='word_1_456' title='bbox 1133 3339 1258 3396; x_wconf 86' lang='lat' dir='ltr'>animum</span> <span class='ocrx_word' id='word_1_457' title='bbox 1282 3338 1404 3395; x_wconf 89' lang='lat' dir='ltr'>indulsit</span> <span class='ocrx_word' id='word_1_458' title='bbox 1418 3339 1470 3408; x_wconf 93' lang='lat' dir='ltr'>eis,</span> <span class='ocrx_word' id='word_1_459' title='bbox 1497 3339 1533 3395; x_wconf 86' lang='lat' dir='ltr'>ad</span> <span class='ocrx_word' id='word_1_460' title='bbox 1550 3344 1762 3411; x_wconf 79' lang='lat' dir='ltr'>praepotentem</span> <span class='ocrx_word' id='word_1_461' title='bbox 1778 3356 1827 3396; x_wconf 90' lang='lat' dir='ltr'>cu-</span> 
     </span>
     <span class='ocr_line' id='line_1_59' title="bbox 129 3425 1825 3499; baseline 0.001 -17"><span class='ocrx_word' id='word_1_462' title='bbox 129 3442 207 3496; x_wconf 89' lang='lat' dir='ltr'>rans,</span> <span class='ocrx_word' id='word_1_463' title='bbox 229 3428 368 3484; x_wconf 87' lang='lat' dir='ltr'>ecclesias</span> <span class='ocrx_word' id='word_1_464' title='bbox 395 3442 560 3497; x_wconf 87' lang='lat' dir='ltr'>munerans,</span> <span class='ocrx_word' id='word_1_465' title='bbox 589 3442 732 3499; x_wconf 87' lang='lat' dir='ltr'>pauperes</span> <span class='ocrx_word' id='word_1_466' title='bbox 757 3426 900 3498; x_wconf 84' lang='lat' dir='ltr'>relevans,</span> <span class='ocrx_word' id='word_1_467' title='bbox 917 3433 947 3484; x_wconf 92' lang='lat' dir='ltr'>et</span> <span class='ocrx_word' id='word_1_468' title='bbox 1002 3425 1111 3483; x_wconf 90' lang='lat' dir='ltr'>mulum</span> <span class='ocrx_word' id='word_1_469' title='bbox 1126 3426 1193 3492; x_wconf 89' lang='lat' dir='ltr'>boni</span> <span class='ocrx_word' id='word_1_470' title='bbox 1218 3425 1352 3495; x_wconf 87' lang='lat' dir='ltr'>nominis,</span> <span class='ocrx_word' id='word_1_471' title='bbox 1374 3431 1403 3482; x_wconf 89' lang='lat' dir='ltr'>et</span> <span class='ocrx_word' id='word_1_472' title='bbox 1415 3426 1449 3482; x_wconf 92' lang='lat' dir='ltr'>ad</span> <span class='ocrx_word' id='word_1_473' title='bbox 1463 3427 1631 3483; x_wconf 87' lang='lat' dir='ltr'>rrrcruoriam</span> <span class='ocrx_word' id='word_1_474' title='bbox 1649 3426 1825 3484; x_wconf 89' lang='lat' dir='ltr'>laudabilem</span> 
     </span>
    </p>
   </div>
   <div class='ocr_carea' id='block_1_11' title="bbox 128 3508 947 4291">
    <p class='ocr_par' dir='ltr' id='par_1_11' title="bbox 128 3508 947 4291">
     <span class='ocr_line' id='line_1_60' title="bbox 129 3508 946 3587; baseline 0.001 -17"><span class='ocrx_word' id='word_1_475' title='bbox 129 3508 219 3571; x_wconf 81' lang='lat' dir='ltr'>&#39;inulta</span> <span class='ocrx_word' id='word_1_476' title='bbox 236 3516 335 3572; x_wconf 90' lang='lat' dir='ltr'>multis</span> <span class='ocrx_word' id='word_1_477' title='bbox 351 3514 491 3572; x_wconf 87' lang='lat' dir='ltr'>beneficia</span> <span class='ocrx_word' id='word_1_478' title='bbox 504 3516 551 3587; x_wconf 92' lang='lat' dir='ltr'>pia</span> <span class='ocrx_word' id='word_1_479' title='bbox 566 3518 594 3572; x_wconf 92' lang='lat' dir='ltr'>et</span> <span class='ocrx_word' id='word_1_480' title='bbox 611 3514 779 3572; x_wconf 88' lang='lat' dir='ltr'>dulcissima</span> <span class='ocrx_word' id='word_1_481' title='bbox 795 3515 946 3573; x_wconf 86' lang='lat' dir='ltr'>uoluntate</span> 
     </span>
     <span class='ocr_line' id='line_1_61' title="bbox 129 3603 946 3674; baseline 0 -14"><span class='ocrx_word' id='word_1_482' title='bbox 129 3603 361 3674; x_wconf 86' lang='lat' dir='ltr'>accommodans,</span> <span class='ocrx_word' id='word_1_483' title='bbox 387 3603 497 3660; x_wconf 90' lang='lat' dir='ltr'>tributa</span> <span class='ocrx_word' id='word_1_484' title='bbox 514 3605 612 3673; x_wconf 88' lang='lat' dir='ltr'>etiam,</span> <span class='ocrx_word' id='word_1_485' title='bbox 630 3617 694 3673; x_wconf 83' lang='lat' dir='ltr'>quae</span> <span class='ocrx_word' id='word_1_486' title='bbox 718 3603 754 3660; x_wconf 91' lang='lat' dir='ltr'>ab</span> <span class='ocrx_word' id='word_1_487' title='bbox 770 3603 903 3660; x_wconf 86' lang='lat' dir='ltr'>ecclesiis</span> <span class='ocrx_word' id='word_1_488' title='bbox 919 3605 946 3660; x_wconf 96' lang='lat' dir='ltr'>in</span> 
     </span>
     <span class='ocr_line' id='line_1_62' title="bbox 129 3689 945 3762; baseline 0 -16"><span class='ocrx_word' id='word_1_489' title='bbox 129 3693 259 3748; x_wconf 76' lang='lat' dir='ltr'>Arverno</span> <span class='ocrx_word' id='word_1_490' title='bbox 270 3692 334 3747; x_wconf 90' lang='lat' dir='ltr'>sitis</span> <span class='ocrx_word' id='word_1_491' title='bbox 344 3690 414 3748; x_wconf 87' lang='lat' dir='ltr'>hsce</span> <span class='ocrx_word' id='word_1_492' title='bbox 427 3691 803 3762; x_wconf 90' lang='lat' dir='ltr'>reddebantur,clementer</span> <span class='ocrx_word' id='word_1_493' title='bbox 814 3689 945 3751; x_wconf 86' lang='lat' dir='ltr'>indulsit.</span> 
     </span>
     <span class='ocr_line' id='line_1_63' title="bbox 129 3778 946 3850; baseline 0.004 -17"><span class='ocrx_word' id='word_1_494' title='bbox 129 3778 181 3848; x_wconf 87' lang='grc'>(44,</span> <span class='ocrx_word' id='word_1_495' title='bbox 198 3781 255 3850; x_wconf 76' lang='lat' dir='ltr'>ab.)</span> <span class='ocrx_word' id='word_1_496' title='bbox 271 3780 402 3836; x_wconf 87' lang='lat' dir='ltr'>ilabebat</span> <span class='ocrx_word' id='word_1_497' title='bbox 418 3794 538 3836; x_wconf 89' lang='lat' dir='ltr'>uxorem</span> <span class='ocrx_word' id='word_1_498' title='bbox 554 3779 729 3850; x_wconf 83' lang='lat' dir='ltr'>lienteriam,</span> <span class='ocrx_word' id='word_1_499' title='bbox 742 3785 772 3837; x_wconf 94' lang='lat' dir='ltr'>et</span> <span class='ocrx_word' id='word_1_500' title='bbox 788 3779 874 3837; x_wconf 90' lang='lat' dir='ltr'>tiliam</span> <span class='ocrx_word' id='word_1_501' title='bbox 889 3780 946 3848; x_wconf 89' lang='lat' dir='ltr'>jam</span> 
     </span>
     <span class='ocr_line' id='line_1_64' title="bbox 129 3865 947 3938; baseline 0 -16"><span class='ocrx_word' id='word_1_502' title='bbox 129 3865 257 3924; x_wconf 89' lang='lat' dir='ltr'>adultam</span> <span class='ocrx_word' id='word_1_503' title='bbox 271 3885 278 3932; x_wconf 91' lang='lat'>;</span> <span class='ocrx_word' id='word_1_504' title='bbox 293 3866 342 3922; x_wconf 90' lang='lat' dir='ltr'>sed</span> <span class='ocrx_word' id='word_1_505' title='bbox 358 3868 494 3924; x_wconf 85' lang='lat' dir='ltr'>lienteria</span> <span class='ocrx_word' id='word_1_506' title='bbox 509 3867 622 3937; x_wconf 90' lang='lat' dir='ltr'>timens,</span> <span class='ocrx_word' id='word_1_507' title='bbox 640 3882 675 3924; x_wconf 94' lang='lat' dir='ltr'>ne</span> <span class='ocrx_word' id='word_1_508' title='bbox 690 3882 722 3924; x_wconf 91' lang='lat' dir='ltr'>se</span> <span class='ocrx_word' id='word_1_509' title='bbox 734 3867 846 3938; x_wconf 88' lang='lat' dir='ltr'>relicta,</span> <span class='ocrx_word' id='word_1_510' title='bbox 860 3867 947 3923; x_wconf 85' lang='lat' dir='ltr'>titiam</span> 
     </span>
     <span class='ocr_line' id='line_1_65' title="bbox 129 3954 946 4025; baseline -0.001 -13"><span class='ocrx_word' id='word_1_511' title='bbox 129 3954 184 4012; x_wconf 88' lang='lat' dir='ltr'>sibi</span> <span class='ocrx_word' id='word_1_512' title='bbox 196 3969 248 4011; x_wconf 90' lang='lat' dir='ltr'>rex</span> <span class='ocrx_word' id='word_1_513' title='bbox 266 3956 293 4011; x_wconf 92' lang='lat' dir='ltr'>iu</span> <span class='ocrx_word' id='word_1_514' title='bbox 310 3954 476 4025; x_wconf 84' lang='lat' dir='ltr'>conjugium</span> <span class='ocrx_word' id='word_1_515' title='bbox 493 3960 668 4024; x_wconf 90' lang='lat' dir='ltr'>assumeret,</span> <span class='ocrx_word' id='word_1_516' title='bbox 684 3955 711 4010; x_wconf 94' lang='lat' dir='ltr'>in</span> <span class='ocrx_word' id='word_1_517' title='bbox 730 3958 867 4012; x_wconf 88' lang='lat' dir='ltr'>basterna</span> <span class='ocrx_word' id='word_1_518' title='bbox 884 3970 946 4012; x_wconf 89' lang='lat' dir='ltr'>eam</span> 
     </span>
     <span class='ocr_line' id='line_1_66' title="bbox 129 4042 947 4114; baseline 0.001 -16"><span class='ocrx_word' id='word_1_519' title='bbox 129 4042 409 4114; x_wconf 89' lang='lat' dir='ltr'>positamindomitis</span> <span class='ocrx_word' id='word_1_520' title='bbox 422 4043 514 4101; x_wconf 90' lang='lat' dir='ltr'>bobus</span> <span class='ocrx_word' id='word_1_521' title='bbox 522 4044 688 4112; x_wconf 86' lang='lat' dir='ltr'>conjunctis</span> <span class='ocrx_word' id='word_1_522' title='bbox 700 4043 775 4114; x_wconf 89' lang='lat' dir='ltr'>apud</span> <span class='ocrx_word' id='word_1_523' title='bbox 788 4043 947 4101; x_wconf 84' lang='lat' dir='ltr'>virdunum</span> 
     </span>
     <span class='ocr_line' id='line_1_67' title="bbox 128 4129 946 4203; baseline 0.001 -16"><span class='ocrx_word' id='word_1_524' title='bbox 128 4129 164 4187; x_wconf 90' lang='lat' dir='ltr'>de</span> <span class='ocrx_word' id='word_1_525' title='bbox 176 4134 264 4202; x_wconf 88' lang='lat' dir='ltr'>ponte</span> <span class='ocrx_word' id='word_1_526' title='bbox 276 4130 480 4202; x_wconf 76' lang='lat' dir='ltr'>praecipitavit.</span> <span class='ocrx_word' id='word_1_527' title='bbox 494 4144 557 4201; x_wconf 77' lang='lat' dir='ltr'>quae</span> <span class='ocrx_word' id='word_1_528' title='bbox 570 4131 597 4186; x_wconf 95' lang='lat' dir='ltr'>in</span> <span class='ocrx_word' id='word_1_529' title='bbox 610 4131 672 4201; x_wconf 88' lang='lat' dir='ltr'>ipso</span> <span class='ocrx_word' id='word_1_530' title='bbox 686 4130 801 4188; x_wconf 90' lang='lat' dir='ltr'>flumine</span> <span class='ocrx_word' id='word_1_531' title='bbox 811 4131 946 4203; x_wconf 91' lang='lat' dir='ltr'>spiritum</span> 
     </span>
     <span class='ocr_line' id='line_1_68' title="bbox 128 4217 946 4291; baseline 0 -17"><span class='ocrx_word' id='word_1_532' title='bbox 128 4218 265 4274; x_wconf 87' lang='lat' dir='ltr'>reddidit.</span> <span class='ocrx_word' id='word_1_533' title='bbox 287 4217 339 4288; x_wconf 90' lang='lat' dir='ltr'>(ru,</span> <span class='ocrx_word' id='word_1_534' title='bbox 355 4221 399 4291; x_wconf 92' lang='grc'>34)</span> <span class='ocrx_word' id='word_1_535' title='bbox 416 4217 603 4276; x_wconf 83' lang='lat' dir='ltr'>Desideratus</span> <span class='ocrx_word' id='word_1_536' title='bbox 619 4217 717 4290; x_wconf 82' lang='lat' dir='ltr'>itaque</span> <span class='ocrx_word' id='word_1_537' title='bbox 744 4219 903 4275; x_wconf 90' lang='lat' dir='ltr'>bonitatem</span> <span class='ocrx_word' id='word_1_538' title='bbox 918 4221 946 4275; x_wconf 91' lang='lat' dir='ltr'>et</span> 
     </span>
    </p>
   </div>
   <div class='ocr_carea' id='block_1_12' title="bbox 1001 3514 1827 4289">
    <p class='ocr_par' dir='ltr' id='par_1_12' title="bbox 1001 3514 1827 4289">
     <span class='ocr_line' id='line_1_69' title="bbox 1002 3514 1826 3586; baseline 0 -16"><span class='ocrx_word' id='word_1_539' title='bbox 1002 3519 1072 3570; x_wconf 90' lang='lat' dir='ltr'>tunc</span> <span class='ocrx_word' id='word_1_540' title='bbox 1083 3514 1236 3584; x_wconf 77' lang='lat' dir='ltr'>presentis</span> <span class='ocrx_word' id='word_1_541' title='bbox 1248 3514 1390 3571; x_wconf 84' lang='lat' dir='ltr'>etfuturae</span> <span class='ocrx_word' id='word_1_542' title='bbox 1400 3515 1610 3585; x_wconf 85' lang='lat' dir='ltr'>generationis.</span> <span class='ocrx_word' id='word_1_543' title='bbox 1626 3515 1678 3583; x_wconf 90' lang='lat' dir='ltr'>(ru,</span> <span class='ocrx_word' id='word_1_544' title='bbox 1693 3517 1749 3586; x_wconf 80' lang='lat'><strong>35.)</strong></span> <span class='ocrx_word' id='word_1_545' title='bbox 1760 3516 1826 3585; x_wconf 80' lang='lat' dir='ltr'>Sya-</span> 
     </span>
     <span class='ocr_line' id='line_1_70' title="bbox 1002 3601 1825 3674; baseline 0.001 -16"><span class='ocrx_word' id='word_1_546' title='bbox 1002 3601 1084 3672; x_wconf 83' lang='lat' dir='ltr'>grins</span> <span class='ocrx_word' id='word_1_547' title='bbox 1096 3605 1201 3672; x_wconf 89' lang='lat' dir='ltr'>autem,</span> <span class='ocrx_word' id='word_1_548' title='bbox 1215 3601 1376 3657; x_wconf 84' lang='lat' dir='ltr'>Desiderati</span> <span class='ocrx_word' id='word_1_549' title='bbox 1389 3602 1518 3674; x_wconf 91' lang='lat' dir='ltr'>episcopi</span> <span class='ocrx_word' id='word_1_550' title='bbox 1531 3602 1618 3672; x_wconf 83' lang='lat' dir='ltr'>filius,</span> <span class='ocrx_word' id='word_1_551' title='bbox 1629 3606 1825 3673; x_wconf 87' lang='lat' dir='ltr'>postmortem</span> 
     </span>
     <span class='ocr_line' id='line_1_71' title="bbox 1001 3689 1826 3762; baseline 0.002 -17"><span class='ocrx_word' id='word_1_552' title='bbox 1001 3689 1168 3745; x_wconf 81' lang='lat' dir='ltr'>Theoderici</span> <span class='ocrx_word' id='word_1_553' title='bbox 1181 3689 1370 3746; x_wconf 88' lang='lat' dir='ltr'>reminiscens</span> <span class='ocrx_word' id='word_1_554' title='bbox 1380 3690 1550 3759; x_wconf 77' lang='lat' dir='ltr'>iniuriarum</span> <span class='ocrx_word' id='word_1_555' title='bbox 1559 3691 1663 3762; x_wconf 88' lang='lat' dir='ltr'>patris,</span> <span class='ocrx_word' id='word_1_556' title='bbox 1677 3705 1749 3761; x_wconf 82' lang='lat' dir='ltr'>quas</span> <span class='ocrx_word' id='word_1_557' title='bbox 1760 3705 1826 3762; x_wconf 91' lang='lat' dir='ltr'>pas-</span> 
     </span>
     <span class='ocr_line' id='line_1_72' title="bbox 1002 3776 1827 3847; baseline -0.001 -13"><span class='ocrx_word' id='word_1_558' title='bbox 1002 3791 1053 3834; x_wconf 91' lang='lat' dir='ltr'>sus</span> <span class='ocrx_word' id='word_1_559' title='bbox 1068 3781 1114 3833; x_wconf 92' lang='lat' dir='ltr'>est</span> <span class='ocrx_word' id='word_1_560' title='bbox 1132 3776 1336 3835; x_wconf 85' lang='lat' dir='ltr'>atheodorico</span> <span class='ocrx_word' id='word_1_561' title='bbox 1351 3777 1509 3847; x_wconf 79' lang='lat' dir='ltr'>instigante</span> <span class='ocrx_word' id='word_1_562' title='bbox 1524 3784 1552 3834; x_wconf 90' lang='lat' dir='ltr'>et</span> <span class='ocrx_word' id='word_1_563' title='bbox 1573 3783 1732 3835; x_wconf 88' lang='lat' dir='ltr'>accusante</span> <span class='ocrx_word' id='word_1_564' title='bbox 1750 3779 1827 3847; x_wconf 86' lang='lat' dir='ltr'>syri-</span> 
     </span>
     <span class='ocr_line' id='line_1_73' title="bbox 1001 3864 1826 3937; baseline 0 -15"><span class='ocrx_word' id='word_1_565' title='bbox 1001 3864 1109 3934; x_wconf 87' lang='lat' dir='ltr'>waldo,</span> <span class='ocrx_word' id='word_1_566' title='bbox 1118 3865 1493 3935; x_wconf 87' lang='lat' dir='ltr'>suruptiscomitibusuenit</span> <span class='ocrx_word' id='word_1_567' title='bbox 1503 3865 1538 3922; x_wconf 94' lang='lat' dir='ltr'>ad</span> <span class='ocrx_word' id='word_1_568' title='bbox 1551 3865 1647 3922; x_wconf 86' lang='lat' dir='ltr'>viltam</span> <span class='ocrx_word' id='word_1_569' title='bbox 1661 3866 1826 3937; x_wconf 90' lang='lat' dir='ltr'>proprieta-</span> 
     </span>
     <span class='ocr_line' id='line_1_74' title="bbox 1003 3953 1825 4024; baseline 0.004 -17"><span class='ocrx_word' id='word_1_570' title='bbox 1003 3953 1041 4009; x_wconf 90' lang='lat' dir='ltr'>tis</span> <span class='ocrx_word' id='word_1_571' title='bbox 1056 3953 1120 4022; x_wconf 86' lang='lat' dir='ltr'>ejus</span> <span class='ocrx_word' id='word_1_572' title='bbox 1131 3953 1158 4009; x_wconf 90' lang='lat' dir='ltr'>iu</span> <span class='ocrx_word' id='word_1_573' title='bbox 1170 3953 1336 4011; x_wconf 84' lang='lat' dir='ltr'>[tixioneusi</span> <span class='ocrx_word' id='word_1_574' title='bbox 1350 3954 1503 4011; x_wconf 90' lang='lat' dir='ltr'>territorio</span> <span class='ocrx_word' id='word_1_575' title='bbox 1515 3954 1612 4024; x_wconf 90' lang='lat' dir='ltr'>sitam,</span> <span class='ocrx_word' id='word_1_576' title='bbox 1626 3953 1709 4024; x_wconf 87' lang='lat' dir='ltr'>cujus</span> <span class='ocrx_word' id='word_1_577' title='bbox 1721 3968 1825 4012; x_wconf 90' lang='lat' dir='ltr'>nomen</span> 
     </span>
     <span class='ocr_line' id='line_1_75' title="bbox 1002 4041 1825 4115; baseline 0 -17"><span class='ocrx_word' id='word_1_578' title='bbox 1002 4041 1287 4109; x_wconf 77' lang='lat' dir='ltr'>Floriacnsetmane</span> <span class='ocrx_word' id='word_1_579' title='bbox 1296 4041 1380 4112; x_wconf 89' lang='lat' dir='ltr'>facto,</span> <span class='ocrx_word' id='word_1_580' title='bbox 1389 4045 1539 4099; x_wconf 86' lang='lat' dir='ltr'>comesset</span> <span class='ocrx_word' id='word_1_581' title='bbox 1548 4041 1651 4098; x_wconf 90' lang='lat' dir='ltr'>nebula</span> <span class='ocrx_word' id='word_1_582' title='bbox 1665 4041 1825 4115; x_wconf 86' lang='lat' dir='ltr'>condensa,</span> 
     </span>
     <span class='ocr_line' id='line_1_76' title="bbox 1003 4128 1824 4201; baseline 0.002 -16"><span class='ocrx_word' id='word_1_583' title='bbox 1003 4128 1824 4201; x_wconf 82' lang='lat' dir='ltr'>domumingressi,unumamicorumejusinterfecerunt,</span> 
     </span>
     <span class='ocr_line' id='line_1_77' title="bbox 1003 4216 1827 4289; baseline 0.001 -17"><span class='ocrx_word' id='word_1_584' title='bbox 1003 4220 1140 4289; x_wconf 91' lang='lat' dir='ltr'>putantes</span> <span class='ocrx_word' id='word_1_585' title='bbox 1156 4217 1251 4288; x_wconf 89' lang='lat' dir='ltr'>ipsum</span> <span class='ocrx_word' id='word_1_586' title='bbox 1267 4231 1332 4273; x_wconf 90' lang='lat' dir='ltr'>esse</span> <span class='ocrx_word' id='word_1_587' title='bbox 1346 4216 1549 4289; x_wconf 84' lang='lat' dir='ltr'>syriwaldum.</span> <span class='ocrx_word' id='word_1_588' title='bbox 1568 4217 1622 4273; x_wconf 87' lang='lat' dir='ltr'>Sed</span> <span class='ocrx_word' id='word_1_589' title='bbox 1638 4231 1704 4274; x_wconf 91' lang='lat' dir='ltr'>cum</span> <span class='ocrx_word' id='word_1_590' title='bbox 1719 4231 1827 4287; x_wconf 88' lang='lat' dir='ltr'>cogno-</span> 
     </span>
    </p>
   </div>
   <div class='ocr_carea' id='block_1_13' title="bbox 127 4303 1827 5253">
    <p class='ocr_par' dir='ltr' id='par_1_13' title="bbox 128 4303 1827 4551">
     <span class='ocr_line' id='line_1_78' title="bbox 128 4303 1827 4376; baseline 0 -14"><span class='ocrx_word' id='word_1_591' title='bbox 128 4303 311 4362; x_wconf 90' lang='lat' dir='ltr'>elementiam</span> <span class='ocrx_word' id='word_1_592' title='bbox 326 4306 517 4362; x_wconf 90' lang='lat' dir='ltr'>Theodeberti</span> <span class='ocrx_word' id='word_1_593' title='bbox 531 4306 688 4375; x_wconf 88' lang='lat' dir='ltr'>regiserga</span> <span class='ocrx_word' id='word_1_594' title='bbox 700 4319 801 4363; x_wconf 87' lang='lat' dir='ltr'>omnes</span> <span class='ocrx_word' id='word_1_595' title='bbox 812 4321 946 4375; x_wconf 83' lang='lat' dir='ltr'>cernens,</span> <span class='ocrx_word' id='word_1_596' title='bbox 1002 4303 1115 4359; x_wconf 78' lang='lat' dir='ltr'>sissent</span> <span class='ocrx_word' id='word_1_597' title='bbox 1129 4303 1225 4376; x_wconf 88' lang='lat' dir='ltr'>ipsum</span> <span class='ocrx_word' id='word_1_598' title='bbox 1241 4318 1297 4360; x_wconf 89' lang='lat' dir='ltr'>nou</span> <span class='ocrx_word' id='word_1_599' title='bbox 1328 4304 1426 4373; x_wconf 89' lang='lat' dir='ltr'>fuisse,</span> <span class='ocrx_word' id='word_1_600' title='bbox 1443 4304 1550 4361; x_wconf 90' lang='lat' dir='ltr'>iterato</span> <span class='ocrx_word' id='word_1_601' title='bbox 1567 4305 1682 4361; x_wconf 92' lang='lat' dir='ltr'>domum</span> <span class='ocrx_word' id='word_1_602' title='bbox 1704 4305 1827 4362; x_wconf 91' lang='lat' dir='ltr'>circum·</span> 
     </span>
     <span class='ocr_line' id='line_1_79' title="bbox 129 4378 1826 4464; baseline 0.001 -17"><span class='ocrx_word' id='word_1_603' title='bbox 129 4405 194 4448; x_wconf 91' lang='lat' dir='ltr'>cum</span> <span class='ocrx_word' id='word_1_604' title='bbox 205 4393 258 4457; x_wconf 82' lang='lat' dir='ltr'>iam</span> <span class='ocrx_word' id='word_1_605' title='bbox 271 4392 395 4462; x_wconf 92' lang='lat' dir='ltr'>populus</span> <span class='ocrx_word' id='word_1_606' title='bbox 407 4392 598 4458; x_wconf 89' lang='lat' dir='ltr'>dilaberetur,</span> <span class='ocrx_word' id='word_1_607' title='bbox 611 4396 640 4449; x_wconf 94' lang='lat' dir='ltr'>et</span> <span class='ocrx_word' id='word_1_608' title='bbox 656 4392 761 4449; x_wconf 89' lang='lat' dir='ltr'>civitas</span> <span class='ocrx_word' id='word_1_609' title='bbox 773 4393 852 4462; x_wconf 82' lang='lat' dir='ltr'>quasi</span> <span class='ocrx_word' id='word_1_610' title='bbox 864 4394 890 4449; x_wconf 95' lang='lat' dir='ltr'>iu</span> <span class='ocrx_word' id='word_1_611' title='bbox 903 4408 948 4449; x_wconf 90' lang='lat' dir='ltr'>so·</span> <span class='ocrx_word' id='word_1_612' title='bbox 961 4378 990 4443; x_wconf 88' lang='lat' dir='ltr'>D</span> <span class='ocrx_word' id='word_1_613' title='bbox 1004 4384 1116 4461; x_wconf 86' lang='lat' dir='ltr'>dantes,</span> <span class='ocrx_word' id='word_1_614' title='bbox 1132 4390 1239 4448; x_wconf 86' lang='lat' dir='ltr'>effosso</span> <span class='ocrx_word' id='word_1_615' title='bbox 1263 4392 1375 4464; x_wconf 90' lang='lat' dir='ltr'>pariete</span> <span class='ocrx_word' id='word_1_616' title='bbox 1400 4391 1612 4448; x_wconf 90' lang='lat' dir='ltr'>iuterfecerunt</span> <span class='ocrx_word' id='word_1_617' title='bbox 1627 4406 1703 4448; x_wconf 86' lang='lat' dir='ltr'>eum.</span> <span class='ocrx_word' id='word_1_618' title='bbox 1722 4393 1826 4449; x_wconf 76' lang='lat' dir='ltr'>Actum</span> 
     </span>
     <span class='ocr_line' id='line_1_80' title="bbox 130 4477 1667 4551; baseline 0.002 -20"><span class='ocrx_word' id='word_1_619' title='bbox 130 4477 280 4535; x_wconf 92' lang='lat' dir='ltr'>titudinem</span> <span class='ocrx_word' id='word_1_620' title='bbox 301 4480 494 4548; x_wconf 88' lang='lat' dir='ltr'>redigeretur,</span> <span class='ocrx_word' id='word_1_621' title='bbox 512 4479 547 4534; x_wconf 90' lang='grc'>44</span> <span class='ocrx_word' id='word_1_622' title='bbox 563 4493 658 4550; x_wconf 87' lang='lat' dir='ltr'>regem</span> <span class='ocrx_word' id='word_1_623' title='bbox 674 4494 705 4535; x_wconf 92' lang='lat' dir='ltr'>se</span> <span class='ocrx_word' id='word_1_624' title='bbox 716 4480 850 4551; x_wconf 91' lang='lat' dir='ltr'>contulit,</span> <span class='ocrx_word' id='word_1_625' title='bbox 865 4481 949 4537; x_wconf 90' lang='lat' dir='ltr'>mise·</span> <span class='ocrx_word' id='word_1_626' title='bbox 1002 4483 1048 4535; x_wconf 90' lang='lat' dir='ltr'>est</span> <span class='ocrx_word' id='word_1_627' title='bbox 1062 4479 1115 4536; x_wconf 92' lang='lat' dir='ltr'>hoc</span> <span class='ocrx_word' id='word_1_628' title='bbox 1129 4482 1194 4551; x_wconf 90' lang='lat' dir='ltr'>post</span> <span class='ocrx_word' id='word_1_629' title='bbox 1212 4483 1332 4536; x_wconf 90' lang='lat' dir='ltr'>mortem</span> <span class='ocrx_word' id='word_1_630' title='bbox 1348 4478 1510 4536; x_wconf 84' lang='lat' dir='ltr'>Desiderati</span> <span class='ocrx_word' id='word_1_631' title='bbox 1526 4480 1667 4551; x_wconf 88' lang='lat' dir='ltr'>episcopi.</span> 
     </span>
    </p>

    <p class='ocr_par' dir='ltr' id='par_1_14' title="bbox 127 4564 1827 5253">
     <span class='ocr_line' id='line_1_81' title="bbox 129 4564 1824 4639; baseline 0.002 -19"><span class='ocrx_word' id='word_1_632' title='bbox 129 4564 201 4621; x_wconf 90' lang='lat' dir='ltr'>riam</span> <span class='ocrx_word' id='word_1_633' title='bbox 210 4564 861 4639; x_wconf 79' lang='lat' dir='ltr'>populilacrymabilemdeploravit,petitfone</span> <span class='ocrx_word' id='word_1_634' title='bbox 874 4568 950 4625; x_wconf 90' lang='lat' dir='ltr'>beni·</span> <span class='ocrx_word' id='word_1_635' title='bbox 1040 4567 1125 4635; x_wconf 80' lang='lat' dir='ltr'>(Vite</span> <span class='ocrx_word' id='word_1_636' title='bbox 1136 4567 1279 4639; x_wconf 70' lang='lat' dir='ltr'>Apmfci.)</span> <span class='ocrx_word' id='word_1_637' title='bbox 1291 4569 1394 4623; x_wconf 90' lang='lat' dir='ltr'>Verum</span> <span class='ocrx_word' id='word_1_638' title='bbox 1409 4571 1439 4624; x_wconf 91' lang='grc'>44</span> <span class='ocrx_word' id='word_1_639' title='bbox 1450 4566 1486 4623; x_wconf 90' lang='grc'>44</span> <span class='ocrx_word' id='word_1_640' title='bbox 1496 4567 1648 4638; x_wconf 89' lang='lat' dir='ltr'>superiora</span> <span class='ocrx_word' id='word_1_641' title='bbox 1660 4565 1824 4637; x_wconf 90' lang='lat' dir='ltr'>redeamus,</span> 
     </span>
     <span class='ocr_line' id='line_1_82' title="bbox 128 4653 1826 4725; baseline 0.001 -16"><span class='ocrx_word' id='word_1_642' title='bbox 128 4653 435 4723; x_wconf 87' lang='lat' dir='ltr'>gnaanimumregium</span> <span class='ocrx_word' id='word_1_643' title='bbox 447 4654 568 4723; x_wconf 87' lang='lat' dir='ltr'>inflexit,</span> <span class='ocrx_word' id='word_1_644' title='bbox 581 4659 614 4711; x_wconf 94' lang='lat' dir='ltr'>ut</span> <span class='ocrx_word' id='word_1_645' title='bbox 625 4654 660 4711; x_wconf 94' lang='lat' dir='ltr'>de</span> <span class='ocrx_word' id='word_1_646' title='bbox 670 4654 819 4712; x_wconf 88' lang='lat' dir='ltr'>thesauris</span> <span class='ocrx_word' id='word_1_647' title='bbox 831 4657 949 4713; x_wconf 92' lang='lat' dir='ltr'>suismi-</span> <span class='ocrx_word' id='word_1_648' title='bbox 1003 4660 1033 4712; x_wconf 91' lang='lat' dir='ltr'>et</span> <span class='ocrx_word' id='word_1_649' title='bbox 1047 4654 1276 4713; x_wconf 88' lang='lat' dir='ltr'>misericordiam</span> <span class='ocrx_word' id='word_1_650' title='bbox 1294 4655 1344 4710; x_wconf 80' lang='lat' dir='ltr'>liei</span> <span class='ocrx_word' id='word_1_651' title='bbox 1360 4656 1478 4710; x_wconf 91' lang='lat' dir='ltr'>uberem</span> <span class='ocrx_word' id='word_1_652' title='bbox 1493 4668 1564 4725; x_wconf 82' lang='lat' dir='ltr'>erga</span> <span class='ocrx_word' id='word_1_653' title='bbox 1578 4667 1659 4711; x_wconf 89' lang='lat' dir='ltr'>suam</span> <span class='ocrx_word' id='word_1_654' title='bbox 1670 4654 1826 4724; x_wconf 86' lang='lat' dir='ltr'>imaginem</span> 
     </span>
     <span class='ocr_line' id='line_1_83' title="bbox 129 4739 1825 4817; baseline -0.001 -19"><span class='ocrx_word' id='word_1_655' title='bbox 129 4756 231 4799; x_wconf 90' lang='lat' dir='ltr'>serans</span> <span class='ocrx_word' id='word_1_656' title='bbox 243 4739 402 4798; x_wconf 88' lang='lat' dir='ltr'>calamitati</span> <span class='ocrx_word' id='word_1_657' title='bbox 419 4741 561 4811; x_wconf 90' lang='lat' dir='ltr'>obstaret,</span> <span class='ocrx_word' id='word_1_658' title='bbox 577 4742 846 4814; x_wconf 88' lang='lat' dir='ltr'>lamemcohiberet,</span> <span class='ocrx_word' id='word_1_659' title='bbox 860 4759 949 4817; x_wconf 91' lang='lat' dir='ltr'>popu·</span> <span class='ocrx_word' id='word_1_660' title='bbox 1003 4742 1329 4812; x_wconf 88' lang='lat' dir='ltr'>subtiliusindagemus,</span> <span class='ocrx_word' id='word_1_661' title='bbox 1341 4741 1524 4812; x_wconf 89' lang='lat' dir='ltr'>providentia</span> <span class='ocrx_word' id='word_1_662' title='bbox 1542 4741 1639 4798; x_wconf 80' lang='lat' dir='ltr'>divina</span> <span class='ocrx_word' id='word_1_663' title='bbox 1650 4741 1825 4813; x_wconf 86' lang='lat' dir='ltr'>dispositum</span> 
     </span>
     <span class='ocr_line' id='line_1_84' title="bbox 130 4828 1825 4903; baseline 0.002 -21"><span class='ocrx_word' id='word_1_664' title='bbox 130 4828 187 4887; x_wconf 90' lang='lat' dir='ltr'>tum</span> <span class='ocrx_word' id='word_1_665' title='bbox 197 4829 531 4902; x_wconf 84' lang='lat' dir='ltr'>pereuntemretineret,</span> <span class='ocrx_word' id='word_1_666' title='bbox 542 4834 570 4886; x_wconf 92' lang='lat' dir='ltr'>et</span> <span class='ocrx_word' id='word_1_667' title='bbox 578 4830 758 4887; x_wconf 89' lang='lat' dir='ltr'>commodata</span> <span class='ocrx_word' id='word_1_668' title='bbox 767 4832 948 4903; x_wconf 88' lang='lat' dir='ltr'>pergratiam</span> <span class='ocrx_word' id='word_1_669' title='bbox 1002 4830 1113 4888; x_wconf 90' lang='lat' dir='ltr'>babens</span> <span class='ocrx_word' id='word_1_670' title='bbox 1129 4829 1164 4886; x_wconf 91' lang='lat' dir='ltr'>de</span> <span class='ocrx_word' id='word_1_671' title='bbox 1180 4830 1258 4887; x_wconf 89' lang='lat' dir='ltr'>fonte</span> <span class='ocrx_word' id='word_1_672' title='bbox 1274 4829 1481 4887; x_wconf 79' lang='lat' dir='ltr'>misericordiae</span> <span class='ocrx_word' id='word_1_673' title='bbox 1492 4830 1634 4887; x_wconf 83' lang='grc'>44444444</span> <span class='ocrx_word' id='word_1_674' title='bbox 1651 4828 1825 4886; x_wconf 90' lang='lat' dir='ltr'>Virduueusi</span> 
     </span>
     <span class='ocr_line' id='line_1_85' title="bbox 129 4916 1825 4990; baseline 0 -17"><span class='ocrx_word' id='word_1_675' title='bbox 129 4917 260 4987; x_wconf 89' lang='lat' dir='ltr'>periculo</span> <span class='ocrx_word' id='word_1_676' title='bbox 269 4918 638 4990; x_wconf 85' lang='lat' dir='ltr'>superatocumgratialtei</span> <span class='ocrx_word' id='word_1_677' title='bbox 647 4917 850 4988; x_wconf 83' lang='lat' dir='ltr'>bominumque</span> <span class='ocrx_word' id='word_1_678' title='bbox 858 4920 948 4976; x_wconf 91' lang='lat' dir='ltr'>susci·</span> <span class='ocrx_word' id='word_1_679' title='bbox 1003 4931 1187 4987; x_wconf 89' lang='lat' dir='ltr'>succurrere,</span> <span class='ocrx_word' id='word_1_680' title='bbox 1197 4920 1226 4974; x_wconf 91' lang='lat' dir='ltr'>et</span> <span class='ocrx_word' id='word_1_681' title='bbox 1242 4916 1422 4988; x_wconf 91' lang='lat' dir='ltr'>supradictis</span> <span class='ocrx_word' id='word_1_682' title='bbox 1438 4917 1825 4975; x_wconf 86' lang='lat' dir='ltr'>innumerabilibuscalami·</span> 
     </span>
     <span class='ocr_line' id='line_1_86' title="bbox 130 5003 1827 5078; baseline 0 -18"><span class='ocrx_word' id='word_1_683' title='bbox 130 5007 223 5074; x_wconf 89' lang='lat' dir='ltr'>peret,</span> <span class='ocrx_word' id='word_1_684' title='bbox 241 5004 293 5075; x_wconf 91' lang='lat' dir='ltr'>(ru,</span> <span class='ocrx_word' id='word_1_685' title='bbox 310 5008 367 5078; x_wconf 87' lang='grc'>31.)</span> <span class='ocrx_word' id='word_1_686' title='bbox 383 5007 542 5077; x_wconf 78' lang='lat' dir='ltr'>acceperat</span> <span class='ocrx_word' id='word_1_687' title='bbox 558 5005 633 5061; x_wconf 90' lang='lat' dir='ltr'>enim</span> <span class='ocrx_word' id='word_1_688' title='bbox 650 5019 666 5061; x_wconf 89' lang='grc'>4</span> <span class='ocrx_word' id='word_1_689' title='bbox 685 5005 838 5063; x_wconf 88' lang='lat' dir='ltr'>Theodado</span> <span class='ocrx_word' id='word_1_690' title='bbox 852 5004 948 5064; x_wconf 80' lang='lat' dir='ltr'>ltaliae</span> <span class='ocrx_word' id='word_1_691' title='bbox 1003 5008 1096 5063; x_wconf 90' lang='lat' dir='ltr'>tatum</span> <span class='ocrx_word' id='word_1_692' title='bbox 1108 5004 1276 5062; x_wconf 87' lang='lat' dir='ltr'>infortuniis</span> <span class='ocrx_word' id='word_1_693' title='bbox 1286 5003 1464 5078; x_wconf 88' lang='lat' dir='ltr'>periclitanti</span> <span class='ocrx_word' id='word_1_694' title='bbox 1476 5019 1592 5063; x_wconf 89' lang='lat' dir='ltr'>manum</span> <span class='ocrx_word' id='word_1_695' title='bbox 1609 5004 1709 5064; x_wconf 90' lang='lat' dir='ltr'>auxilii</span> <span class='ocrx_word' id='word_1_696' title='bbox 1721 5006 1827 5062; x_wconf 86' lang='lat' dir='ltr'>subro-</span> 
     </span>
     <span class='ocr_line' id='line_1_87' title="bbox 127 5091 1827 5166; baseline 0.002 -21"><span class='ocrx_word' id='word_1_697' title='bbox 127 5102 208 5162; x_wconf 85' lang='lat' dir='ltr'>rege,</span> <span class='ocrx_word' id='word_1_698' title='bbox 223 5091 392 5149; x_wconf 89' lang='lat' dir='ltr'>Theudorici</span> <span class='ocrx_word' id='word_1_699' title='bbox 408 5106 590 5162; x_wconf 88' lang='lat' dir='ltr'>successore,</span> <span class='ocrx_word' id='word_1_700' title='bbox 603 5107 667 5150; x_wconf 90' lang='lat' dir='ltr'>cum</span> <span class='ocrx_word' id='word_1_701' title='bbox 683 5096 789 5166; x_wconf 91' lang='lat' dir='ltr'>patruo</span> <span class='ocrx_word' id='word_1_702' title='bbox 804 5108 858 5150; x_wconf 89' lang='lat' dir='ltr'>sue</span> <span class='ocrx_word' id='word_1_703' title='bbox 874 5093 949 5148; x_wconf 85' lang='lat' dir='ltr'>Chil-</span> <span class='ocrx_word' id='word_1_704' title='bbox 1002 5106 1081 5164; x_wconf 83' lang='lat' dir='ltr'>gare,</span> <span class='ocrx_word' id='word_1_705' title='bbox 1097 5092 1144 5149; x_wconf 88' lang='lat' dir='ltr'>die</span> <span class='ocrx_word' id='word_1_706' title='bbox 1155 5095 1184 5149; x_wconf 92' lang='lat' dir='ltr'>et</span> <span class='ocrx_word' id='word_1_707' title='bbox 1196 5095 1327 5164; x_wconf 89' lang='lat' dir='ltr'>tempore</span> <span class='ocrx_word' id='word_1_708' title='bbox 1342 5107 1399 5164; x_wconf 84' lang='lat' dir='ltr'>quo</span> <span class='ocrx_word' id='word_1_709' title='bbox 1413 5092 1517 5164; x_wconf 86' lang='lat' dir='ltr'>uoluit,</span> <span class='ocrx_word' id='word_1_710' title='bbox 1530 5093 1566 5151; x_wconf 90' lang='lat' dir='ltr'>de</span> <span class='ocrx_word' id='word_1_711' title='bbox 1578 5092 1721 5149; x_wconf 89' lang='lat' dir='ltr'>altissimo</span> <span class='ocrx_word' id='word_1_712' title='bbox 1735 5106 1768 5150; x_wconf 93' lang='lat' dir='ltr'>ac</span> <span class='ocrx_word' id='word_1_713' title='bbox 1780 5106 1827 5149; x_wconf 89' lang='lat' dir='ltr'>se·</span> 
     </span>
     <span class='ocr_line' id='line_1_88' title="bbox 130 5177 1826 5253; baseline 0.003 -20"><span class='ocrx_word' id='word_1_714' title='bbox 130 5177 253 5235; x_wconf 88' lang='lat' dir='ltr'>deberto</span> <span class='ocrx_word' id='word_1_715' title='bbox 264 5179 472 5253; x_wconf 83' lang='lat' dir='ltr'>quinquaginta</span> <span class='ocrx_word' id='word_1_716' title='bbox 484 5194 641 5238; x_wconf 90' lang='lat' dir='ltr'>aureorum</span> <span class='ocrx_word' id='word_1_717' title='bbox 655 5179 731 5237; x_wconf 93' lang='lat' dir='ltr'>milia</span> <span class='ocrx_word' id='word_1_718' title='bbox 742 5194 796 5251; x_wconf 87' lang='lat' dir='ltr'>pro</span> <span class='ocrx_word' id='word_1_719' title='bbox 806 5181 949 5252; x_wconf 92' lang='lat' dir='ltr'>composi·</span> <span class='ocrx_word' id='word_1_720' title='bbox 1004 5178 1158 5236; x_wconf 90' lang='lat' dir='ltr'>renissimo</span> <span class='ocrx_word' id='word_1_721' title='bbox 1180 5177 1321 5236; x_wconf 90' lang='lat' dir='ltr'>bonitatis</span> <span class='ocrx_word' id='word_1_722' title='bbox 1337 5193 1397 5239; x_wconf 76' lang='lat' dir='ltr'>suae</span> <span class='ocrx_word' id='word_1_723' title='bbox 1413 5180 1546 5251; x_wconf 90' lang='lat' dir='ltr'>consilio,</span> <span class='ocrx_word' id='word_1_724' title='bbox 1563 5181 1727 5238; x_wconf 79' lang='lat' dir='ltr'>hanoniam</span> <span class='ocrx_word' id='word_1_725' title='bbox 1742 5193 1826 5238; x_wconf 84' lang='lat' dir='ltr'>novae</span> 
     </span>
    </p>
   </div>
   <div class='ocr_carea' id='block_1_14' title="bbox 921 5291 1032 5350">
    <p class='ocr_par' dir='ltr' id='par_1_15' title="bbox 921 5291 1032 5350">
     <span class='ocr_line' id='line_1_89' title="bbox 921 5291 1032 5350; baseline 0 -1"><span class='ocrx_word' id='word_1_726' title='bbox 921 5291 1032 5350; x_wconf 81' lang='lat' dir='ltr'>NOTAE.</span> 
     </span>
    </p>
   </div>
   <div class='ocr_carea' id='block_1_15' title="bbox 128 5395 1827 5546">
    <p class='ocr_par' dir='ltr' id='par_1_16' title="bbox 128 5395 1827 5546">
     <span class='ocr_line' id='line_1_90' title="bbox 166 5395 1827 5471; baseline 0.005 -19"><span class='ocrx_word' id='word_1_727' title='bbox 166 5397 223 5468; x_wconf 84' lang='grc'>(43)</span> <span class='ocrx_word' id='word_1_728' title='bbox 239 5397 358 5454; x_wconf 85' lang='lat' dir='ltr'>Brevem</span> <span class='ocrx_word' id='word_1_729' title='bbox 369 5397 466 5455; x_wconf 87' lang='lat' dir='ltr'>vitoni</span> <span class='ocrx_word' id='word_1_730' title='bbox 478 5398 572 5456; x_wconf 85' lang='lat' dir='ltr'>vitam</span> <span class='ocrx_word' id='word_1_731' title='bbox 584 5413 620 5456; x_wconf 89' lang='lat' dir='ltr'>ex</span> <span class='ocrx_word' id='word_1_732' title='bbox 631 5397 836 5471; x_wconf 87' lang='lat' dir='ltr'>antiquissimo</span> <span class='ocrx_word' id='word_1_733' title='bbox 846 5398 949 5457; x_wconf 90' lang='lat' dir='ltr'>codice</span> <span class='ocrx_word' id='word_1_734' title='bbox 1003 5395 1139 5456; x_wconf 86' lang='lat' dir='ltr'>iliracula</span> <span class='ocrx_word' id='word_1_735' title='bbox 1156 5403 1275 5457; x_wconf 88' lang='lat' dir='ltr'>auctore</span> <span class='ocrx_word' id='word_1_736' title='bbox 1290 5397 1415 5457; x_wconf 75' lang='lat' dir='ltr'>liudolfo</span> <span class='ocrx_word' id='word_1_737' title='bbox 1430 5398 1536 5456; x_wconf 90' lang='lat' dir='ltr'>abbate</span> <span class='ocrx_word' id='word_1_738' title='bbox 1551 5401 1579 5456; x_wconf 90' lang='lat' dir='ltr'>S.</span> <span class='ocrx_word' id='word_1_739' title='bbox 1591 5400 1689 5460; x_wconf 87' lang='lat' dir='ltr'>vitoni</span> <span class='ocrx_word' id='word_1_740' title='bbox 1705 5404 1827 5460; x_wconf 88' lang='lat' dir='ltr'>exstant</span> 
     </span>
     <span class='ocr_line' id='line_1_91' title="bbox 128 5467 1554 5546; baseline 0.001 -19"><span class='ocrx_word' id='word_1_741' title='bbox 128 5467 307 5539; x_wconf 84' lang='lat' dir='ltr'>Trajsctensi</span> <span class='ocrx_word' id='word_1_742' title='bbox 338 5467 419 5525; x_wconf 89' lang='lat' dir='ltr'>dedit</span> <span class='ocrx_word' id='word_1_743' title='bbox 434 5470 535 5528; x_wconf 90' lang='grc'>844444</span> <span class='ocrx_word' id='word_1_744' title='bbox 562 5472 625 5529; x_wconf 79' lang='grc'>444.</span> <span class='ocrx_word' id='word_1_745' title='bbox 642 5470 701 5541; x_wconf 93' lang='grc'>88.,</span> <span class='ocrx_word' id='word_1_746' title='bbox 718 5475 739 5528; x_wconf 91' lang='grc'>4.</span> <span class='ocrx_word' id='word_1_747' title='bbox 755 5469 857 5544; x_wconf 68' lang='lat' dir='ltr'>vlup.</span> <span class='ocrx_word' id='word_1_748' title='bbox 885 5471 948 5542; x_wconf 78' lang='lat'>820,</span> <span class='ocrx_word' id='word_1_749' title='bbox 1003 5468 1139 5530; x_wconf 86' lang='lat' dir='ltr'>ltabillcu</span> <span class='ocrx_word' id='word_1_750' title='bbox 1154 5471 1220 5530; x_wconf 83' lang='lat' dir='ltr'>het.</span> <span class='ocrx_word' id='word_1_751' title='bbox 1238 5470 1285 5528; x_wconf 90' lang='grc'>88.</span> <span class='ocrx_word' id='word_1_752' title='bbox 1302 5469 1373 5530; x_wconf 82' lang='grc'>844.</span> <span class='ocrx_word' id='word_1_753' title='bbox 1391 5471 1435 5542; x_wconf 87' lang='lat' dir='ltr'>Vi,</span> <span class='ocrx_word' id='word_1_754' title='bbox 1447 5485 1475 5546; x_wconf 89' lang='lat' dir='ltr'>p.</span> <span class='ocrx_word' id='word_1_755' title='bbox 1493 5474 1554 5530; x_wconf 79' lang='grc'>444.</span> 
     </span>
    </p>
   </div>
   <div class='ocr_carea' id='block_1_16' title="bbox 0 0 1899 6000">
    <p class='ocr_par' dir='ltr' id='par_1_17' title="bbox 0 0 1899 6000">
     <span class='ocr_line' id='line_1_92' title="bbox 0 0 1899 6000; baseline 0 0"><span class='ocrx_word' id='word_1_756' title='bbox 0 0 1899 6000; x_wconf 95' lang='lat' dir='ltr'> </span> 
     </span>
    </p>
   </div>
  </div>
 </body>
</html>
