3788 6000
91 188 152 249 805

528 181 747 246 CHRONICA.
765 216 803 226 ψ
818 179 1056 260 CHRONICON
1078 178 1353 245 UNIVERSALE.

1735 190 1795 251 site

103 276 107 284 ·
127 320 221 392 igitur
235 318 368 375 Perblari
384 331 448 373 cum
466 320 601 387 regnaret
618 315 700 373 solus
717 331 768 387 per
783 320 914 385 annosi,
930 316 956 376 A
972 315 1071 372 missis
1085 316 1203 388 decidit,
1216 329 1300 388 quem
1322 317 1400 374 tilius
1417 316 1536 375 didonis
1549 320 1640 378 adhue
1653 322 1793 394 puerulus

90 412 119 467 in
131 415 238 467 octavo
250 405 914 470 annoordinavitCunibertumfiliumsuumiu

90 515 193 571 regno,
203 505 234 556 ut
247 498 358 571 pariter
374 500 541 566 regnarent,
553 501 583 553 et
596 498 789 565 regnaverunt
804 495 915 566 pariter

92 588 261 662 perdecem
285 601 386 643 annos.
404 588 534 656 Cumque
550 587 577 641 iu
603 586 679 642 nurui
700 584 915 655 tranquillitate

92 679 262 749 regnarent,
279 675 409 731 surrexit
425 677 525 731 ‹totrtra
547 690 598 731 eos
621 673 697 730 lilius
718 673 835 744 diaboli,
852 673 916 728 dla-

90 763 353 831 ehis¹⁰⁴⁸uoruine,
385 765 420 819 de
448 763 599 828 Tridento;
629 764 679 819 sed
708 762 913 832 Clmnibortus,

91 854 171 911 lilius
190 853 277 923 regis,
296 852 421 922 diligens
440 851 556 907 blachis
572 851 627 916 ¹⁰⁴⁰,
645 850 790 906 revocavit
806 866 870 906 euru
888 850 914 905 in

90 942 215 1012 gratiam
233 938 325 1013 patris
349 940 402 997 sui.
421 941 493 1010 Sepc
510 940 617 1011 quippe
632 939 724 995 voluit
741 954 790 994 rex
808 938 917 993 interli-

90 1044 162 1087 cere
179 1028 308 1085 dlaebim
326 1027 385 1081 1⁰⁸⁰:
399 1027 449 1084 sed
463 1027 659 1083 Chunibertus
671 1042 787 1098 semper
802 1027 915 1096 rogavit

90 1134 146 1191 pro
162 1134 207 1190 eo,
235 1132 357 1190 sperans
373 1116 451 1187 quod
467 1114 623 1187 aliquando
640 1116 665 1171 ei
695 1114 790 1172 tidelis
819 1120 914 1181 esset;

972 403 1006 460 de
1023 411 1101 461 terra
1117 405 1234 477 collegit
1251 407 1335 478 eique
1346 405 1483 464 reddidit.
1498 407 1551 474 Qui
1567 424 1697 482 seprans,
1715 413 1792 483 quod

971 493 1033 564 ipse
1050 510 1121 566 puer
1144 495 1238 551 adbuc
1259 496 1346 552 nicltil
1370 496 1565 567 intellegeret,
1588 496 1659 554 dixit
1677 519 1684 555 ε
1699 501 1793 559 Pater

972 584 1153 641 taatsaaattos
1164 584 1253 641 dalet
1262 585 1297 641 de
1307 586 1395 656 istis,·
1404 588 1432 644 si
1443 587 1522 644 Deae
1536 587 1673 659 calamit,
1686 591 1793 661 inpro-

970 671 1051 729 ainto
1077 674 1202 743 tenepoae
1222 673 1315 731 uticii
1340 675 1468 733 (lateras
1481 676 1527 734 est
1539 691 1594 733 eos.
1613 677 1682 734 Cum
1696 684 1793 736 aut-em

972 761 1111 832 puerulus
1123 761 1158 817 ad
1170 776 1322 833 vesperum
1335 763 1445 819 rediret
1463 765 1589 835 donmm,
1602 765 1794 837 interrogavit

971 866 1035 906 euru
1052 854 1134 921 patet·
1144 866 1225 922 suus,
1236 850 1261 907 si
1273 866 1326 907 rex
1336 850 1446 922 aliquid
1458 851 1582 910 dixisset
1598 854 1633 910 ad
1647 869 1722 911 eum.
1740 854 1795 921 Qui

971 955 1035 995 exitu
1048 939 1074 995 ei
1087 938 1253 996 nunciasset
1264 940 1358 997 omnia
1371 941 1447 996 taeta
1459 946 1489 995 et
1504 941 1592 1012 dieta,
1611 942 1708 1000 timuit
1720 942 1801 1000 dido

972 1028 1098 1097 lortitcr,
1124 1033 1154 1084 ot
1173 1028 1283 1085 vadens
1300 1029 1333 1083 ad
1360 1030 1479 1085 tratrem
1505 1045 1587 1087 suum
1605 1032 1792 1104 Grausoueni,

971 1116 1117 1173 nunciavit
1129 1117 1155 1172 ci
1176 1117 1254 1187 regis
1266 1118 1365 1189 verba,
1378 1119 1535 1189 statiuaque
1546 1125 1698 1188 eoeqierunt
1710 1120 1794 1177 ambo

90 1210 212 1281 insuper
236 1223 293 1264 uim
309 1207 435 1263 cessavit
462 1220 566 1276 rogare
588 1210 712 1277 patrem,
743 1208 774 1260 ut
791 1204 873 1260 daret
888 1203 915 1260 ci
972 1206 1120 1263 aurisiliari
1136 1221 1202 1262 cum
1222 1206 1321 1262 amieis
1344 1207 1406 1264 suis
1422 1207 1457 1263 dc
1473 1207 1594 1265 interitu
1612 1209 1698 1279 regis.
1714 1210 1794 1265 Mane

91 1299 231 1356 ducatum
242 1297 357 1353 Brixiae.
371 1296 504 1352 Perhtari
517 1311 585 1352 voro
598 1295 689 1352 dixit:
707 1293 917 1366 ,ddtaanapee
972 1298 1067 1349 autern
1087 1298 1280 1364 perrexeruut
1295 1295 1330 1350 ad
1346 1294 1494 1366 palatium,
1512 1300 1541 1351 et
1558 1295 1600 1352 sie
1616 1295 1651 1352 ad
1674 1294 1795 1352 alachin

90 1386 237 1444 ditionem
245 1384 917 1457 declamenttadispatentieairtatentrttacit
971 1381 1062 1438 locuti
1075 1387 1156 1438 sunt:
1174 1381 1253 1448 Qaid
1263 1383 1606 1455 dianertssemperatare
1617 1384 1796 1442 incivitate?

91 1475 167 1546 dean,
192 1475 227 1532 at
244 1474 345 1546 possit
365 1488 501 1545 regnare.
520 1474 629 1530 Civitas
644 1488 767 1545 uanique
783 1473 915 1530 BrIxiana
971 1471 1793 1545 Ecceletaciaiteseteatamsaspopatastidifldetisest,

90 1577 210 1635 semper
235 1562 336 1619 babuit
365 1561 580 1619 multitudinem
596 1563 631 1620 de
645 1563 792 1619 nobilibus
807 1563 916 1634 Longo·
971 1560 1137 1618 etettiosus
1152 1561 1206 1618 itte
1222 1560 1423 1620 Obaaibertas
1437 1564 1470 1619 in
1486 1563 1601 1620 taatuaa
1615 1561 1795 1621 immittente

90 1651 208 1717 bardis;
226 1655 349 1723 propter
364 1651 418 1707 boc
436 1651 531 1708 timuit
546 1652 691 1718 Perbtari,
709 1651 786 1722 quod
799 1651 916 1709 alachis
931 1680 957 1739 Β
972 1650 1796 1723 est,etjamanpttmairtaemattqaantaanaletata-

90 1740 131 1796 ibi
147 1739 357 1797 dominaretur.
384 1741 540 1812 Postquam
570 1744 666 1797 autern
693 1741 766 1797 idom
782 1741 914 1796 l’erbtari
971 1738 1796 1813 aenonpossaeeterpoaecivitataetoaaamieeatto-

90 1829 225 1898 regnavit
241 1843 292 1900 per
308 1842 400 1884 annos
418 1831 459 1898 18,
477 1829 633 1885 defunctus
648 1835 703 1898 est,
721 1834 749 1884 et
763 1829 847 1899 juxta
862 1845 915 1885 aec·
971 1842 1109 1886 aeemcatn
1123 1827 1364 1900 javentbastats,
1375 1829 1604 1887 noseatemeam
1616 1830 1797 1901 11111111ιί111-

88 1915 478 1989 clesiam,quamdripertus
488 1918 642 1989 patercjus
652 1917 917 1989 lecerat,sepultus
973 1917 1025 1976 bas
1037 1918 1098 1976 tais
1114 1917 1302 1991 defendebas
1313 1916 1369 1976 titt
1384 1917 1463 1978 bane
1471 1918 1637 1989 civitellam·
1644 1918 1696 1977 sed
1705 1918 1734 1975 et
1743 1918 1797 1977 iae

89 2010 149 2063 est.
161 2007 232 2063 Post
243 2011 366 2062 mortem
377 2022 447 2062 veru
458 2006 521 2076 eius
533 2005 741 2077 cunnibertus,
752 2006 829 2063 tilius
841 2006 915 2077 eius,
968 2006 1173 2079 promittimus
1189 2006 1254 2077 titi,
1268 2009 1304 2064 at
1315 2008 1493 2079 inpreeimo
1505 2008 1797 2080 tenrpoeeeapatini·

92 2093 160 2152 tulit
177 2109 295 2151 uxorem
308 2095 422 2151 nomine
437 2094 641 2166 Ermelindam,
658 2095 693 2151 de
709 2110 816 2165 genere
832 2094 916 2166 angli
971 2096 1279 2153 raticituiddaniberti
1291 2096 1547 2155 adducamastibi.
1566 2096 1683 2153 dlaebis
1697 2101 1794 2154 autem

92 2195 246 2239 saxonum.
260 2182 376 2240 blachis
387 2198 457 2240 vero
473 2182 583 2241 oblitus
594 2184 689 2240 omnia
706 2185 791 2255 bona,
809 2200 872 2255 quae
888 2185 916 2241 in
969 2185 1054 2256 juxta
1070 2185 1233 2242 suasionem
1249 2200 1350 2241 eorum
1366 2185 1455 2241 exivit
1466 2184 1501 2242 de
1515 2185 1634 2242 civitate
1651 2185 1678 2241 iu
1693 2185 1795 2243 silvam

92 2285 161 2328 eum
176 2272 244 2328 tecit
271 2271 479 2344 chunibertus,
507 2272 604 2343 junxit
621 2288 652 2330 se
668 2289 733 2330 eum
762 2272 871 2330 didone
887 2277 914 2330 et
972 2273 1007 2330 ad
1025 2271 1186 2331 venandum
1211 2289 1276 2331 eum
1304 2273 1470 2331 bominibus
1485 2274 1555 2332 suis.
1584 2273 1657 2330 nido
1680 2289 1750 2331 vero
1766 2280 1797 2332 et

94 2359 244 2418 Grausone
256 2363 290 2418 de
303 2361 397 2418 Brixia
410 2367 440 2418 et
453 2377 518 2418 eum
540 2362 639 2418 multis
656 2363 871 2432 Langobardis;
887 2366 915 2419 et
973 2362 1083 2420 (trauan
1098 2363 1193 2418 ierunt
1207 2361 1241 2416 ad
1252 2361 1347 2418 laeum
1364 2362 1560 2432 cumacinum,
1571 2367 1600 2418 et
1612 2362 1737 2432 ingressi
1748 2377 1797 2420 aa·

91 2464 160 2508 eum
178 2464 232 2506 non
248 2453 328 2507 esset
344 2449 542 2506 chunibertus
558 2450 584 2506 in
601 2450 699 2522 Papia,
717 2450 851 2509 introivit
868 2451 916 2508 illo
972 2449 1241 2520 vim,perrexerunt
1252 2449 1288 2505 ad
1300 2446 1631 2520 regmnuunuenun,
1648 2450 1798 2521 etjaetan-

92 2539 121 2594 in
139 2537 277 2610 palatium
293 2553 365 2609 ejus,
395 2544 425 2595 et
449 2538 602 2595 rebellavit
631 2539 666 2595 ei.
683 2538 764 2605 Quod
795 2539 916 2597 audiens
972 2545 1058 2610 lesse
1075 2539 1109 2594 ad
1127 2540 1216 2611 pedes
1229 2538 1303 2611 ejus,
1320 2539 1432 2595 veniam
1445 2541 1582 2610 petebant
1598 2540 1634 2597 de
1650 2540 1703 2597 boe
1718 2540 1796 2612 quod

93 2626 299 2698 Cbuuibertus,
318 2628 392 2697 sugit
414 2628 490 2683 intra
507 2627 599 2684 lacum
616 2627 745 2684 Larrium
763 2628 846 2698 iuxta
864 2631 917 2685 Cu·
972 2634 1072 2685 contra
1088 2643 1153 2684 eum
1171 2630 1313 2701 iecerunt,
1325 2630 1353 2684 et
1371 2627 1620 2700 indicaveruntei,
1638 2628 1722 2700 quale
1738 2643 1797 2686 ma·

92 2731 177 2772 marn.
196 2718 281 2773 Facta
298 2721 344 2772 est
365 2721 461 2773 autem
478 2731 579 2786 magna
604 2716 756 2773 tribulatio
781 2717 916 2775 omnibus
972 2718 1030 2775 tum
1046 2719 1090 2775 eis
1107 2718 1202 2775 lacere
1218 2718 1345 2774 voluerit
1366 2717 1482 2774 blachis
1496 2723 1526 2774 et
1540 2717 1625 2789 quale
1641 2717 1796 2776 eonsilium

91 2805 141 2877 qui
158 2820 224 2862 eum
239 2805 385 2876 amabant,
411 2806 534 2862 maxime
550 2805 668 2863 elericIs
682 2811 711 2862 ot
732 2806 914 2879 presbiteria,
972 2807 1105 2865 dederint
1117 2805 1374 2872 ei.Quodaudiens
1387 2823 1439 2864 rex
1452 2807 1659 2877 Chunibortus,
1679 2809 1797 2878 gavisus

92 2908 167 2966 quos
179 2893 295 2950 blachis
307 2893 374 2951 odio
386 2895 522 2952 babebat.
536 2896 606 2951 Erat
615 2899 712 2951 autom
721 2895 772 2951 illo
785 2899 915 2968 tempore
971 2901 1016 2953 est
1026 2896 1120 2965 valde,
1136 2900 1164 2951 et
1177 2896 1476 2952 sacramentuminter
1491 2895 1682 2967 sedederunt,
1694 2901 1723 2952 et
1739 2901 1797 2954 sta·

94 2982 276 3039 in'lieinensi
292 2982 426 3040 aeeclesia
442 2984 598 3056 episcopus
620 2983 736 3040 nornine
751 2984 913 3056 Damianus,
971 2989 1090 3042 tuerunt
1103 2985 1189 3055 diem,
1203 2985 1317 3055 quando
1330 2984 1665 3042 Cbunibertus'iicinum
1682 2987 1796 3043 veniret

94 3070 913 3145 sanctissimusbonoatquosapientissimumvidens,
971 3074 1086 3146 ipsique
1097 3088 1161 3130 eum
1174 3073 1201 3128 in
1215 3073 1364 3128 civitatem
1376 3073 1617 3130 intromitterent.
1631 3073 1797 3130 Constituto

95 3161 173 3232 quod
189 3160 306 3218 Alaebis
317 3161 440 3217 baberet
453 3161 600 3234 palatium,
613 3177 648 3218 ne
659 3161 791 3218 aeeclesia
808 3177 858 3219 sua
870 3163 914 3220 vel
971 3168 1068 3221 autem
1081 3162 1127 3220 die
1139 3163 1216 3219 venit
1234 3163 1438 3232 chunibertus,
1452 3167 1480 3217 ct
1492 3161 1545 3233 illi,
1558 3162 1633 3219 sicut
1657 3163 1797 3234 promise·

91 3248 153 3321 ipse
168 3247 285 3321 aliquod
306 3250 411 3306 malum
436 3254 598 3322 pateretur,
616 3251 695 3308 misit
718 3252 754 3307 ad
767 3266 832 3308 eum
848 3267 913 3309 curu
972 3257 1046 3324 rant,
1061 3256 1212 3323 gratanter
1236 3265 1301 3308 eum
1321 3254 1524 3323 susceperuut.
1540 3252 1618 3307 Tune
1641 3266 1741 3309 ornnes
1758 3252 1797 3309 si·

91 3336 295 3395 benedictione
309 3338 450 3396 ecclesia>
462 3355 522 3396 sum
535 3340 689 3398 diaconum
703 3356 786 3398 suum
799 3342 914 3398 nomine
973 3340 1041 3413 mul,
1058 3340 1214 3414 episcopus
1234 3345 1263 3397 et
1279 3339 1436 3412 presbiteri
1452 3344 1481 3396 et
1504 3338 1614 3411 clerici,
1626 3339 1750 3410 juvenes
1766 3345 1794 3397 et

90 3425 236 3497 thomam,
256 3427 416 3499 sapientem
439 3430 585 3486 bominem
600 3434 630 3487 et
645 3430 827 3500 religiosum.
844 3432 914 3488 Cum
971 3445 1066 3500 senes,
1084 3445 1148 3487 cum
1172 3428 1279 3500 gaudio
1303 3433 1496 3485 cucurrerunt
1525 3429 1656 3501 adeum,
1685 3430 1797 3501 gratias

91 3528 148 3586 que
161 3516 330 3574 nunciatum
347 3523 424 3574 esset
440 3519 477 3588 ei,
494 3519 569 3589 quod
585 3519 697 3575 veniret
710 3519 745 3576 ad
760 3534 826 3577 eum
841 3522 915 3576 Tho·
972 3521 1091 3588 agentes
1105 3518 1163 3573 ileo
1179 3532 1233 3588 pro
1250 3515 1346 3572 reditu
1362 3515 1435 3587 eius,
1452 3515 1541 3571 etalii
1554 3516 1798 3589 amplexabantur

91 3619 153 3661 mas
175 3603 317 3662 diaconus
336 3620 400 3663 cum
417 3606 620 3663 bencdictione
634 3607 764 3680 episcopi
781 3608 837 3680 sui,
854 3609 917 3665 Ala·
969 3621 1063 3679 genua
1080 3607 1154 3677 eius,
1181 3603 1275 3661 etalii
1292 3604 1395 3677 pedes;
1420 3603 1472 3661 sed
1488 3609 1518 3661 et
1534 3604 1583 3662 ille
1607 3606 1683 3678 quod
1699 3607 1796 3678 potuit

91 3693 917 3769 ebis,proeoquodsternesclerieosodiobabebat,man·
972 3695 1155 3753 lamiliariter
1175 3694 1395 3752 osculatusest.
1427 3694 1529 3751 Subito
1559 3696 1797 3753 auterunuueius

52 3852 54 3856 μ
92 3782 172 3840 davit
188 3783 225 3854 ei,
243 3783 341 3840 dicens
358 3784 598 3856 :Sisemernlim
614 3786 702 3843 idest
715 3785 821 3845 bracas
835 3802 916 3846 meet·
971 3785 1076 3841 exinde
1092 3784 1212 3840 veniens
1230 3783 1265 3838 ad
1282 3781 1458 3853 alachisum,
1476 3781 1551 3839 dixit
1564 3783 1602 3854 ei,
1619 3783 1697 3855 quod
1723 3781 1797 3841 Aldo

91 3871 147 3930 das
161 3871 259 3944 auset,
275 3873 369 3932 intret
383 3874 424 3931 ad
431 3888 486 3945 ane,
498 3875 547 3932 sin
557 3875 755 3948 atttetn,feris
768 3877 833 3935 stet.
846 3878 917 3934 Tho·
970 3879 999 3930 et
1010 3875 1121 3931 Grauso
1134 3887 1189 3929 uon
1202 3877 1314 3929 tantum
1329 3877 1417 3944 eaput
1429 3873 1609 3944 Chuuiberti,
1637 3873 1714 3930 sicut
1732 3887 1798 3945 pro-

92 3975 154 4018 mas
169 3965 266 4019 autem
292 3962 443 4035 respondit
458 3983 468 4018 .·
484 3963 633 4022 Netteiate
658 3964 696 4035 et,
711 3967 787 4037 qaia
803 3967 917 4024 manda
972 3963 1121 4032 miserant,
1139 3962 1190 4018 sed
1207 3967 1236 4016 et
1253 3964 1346 4017 totum
1360 3976 1468 4033 corpus
1482 3961 1546 4031 ejus
1560 3961 1752 4019 adduxissent
1768 3966 1798 4019 et

84 4049 373 4123 femoraltaiateo;
387 4051 555 4109 aamltodte
567 4052 642 4109 totas
657 4052 850 4112 indeieestes.
866 4054 915 4112 ille
971 4051 999 4107 in
1015 4049 1155 4123 palatium
1177 4048 1334 4105 misissent.
1352 4047 1435 4114 Quod
1462 4048 1511 4105 itte
1525 4047 1658 4120 audiens,
1687 4049 1796 4106 coutri-

93 4143 191 4197 autem
203 4140 384 4198 remandavit
397 4141 422 4197 ei
436 4143 517 4200 :Nea
527 4142 593 4199 dieo
604 4142 639 4198 de
642 4142 855 4215 femoralibus,
865 4144 918 4202 sed
971 4143 1068 4197 status
1081 4141 1127 4195 est
1141 4136 1237 4209 valde,
1261 4141 1290 4192 et
1306 4152 1371 4194 eum
1388 4151 1492 4208 magno
1506 4137 1605 4194 lurore
1630 4136 1794 4209 discedens,

93 4229 129 4286 de
142 4242 174 4286 ee
184 4230 264 4302 quod
273 4230 357 4288 intra
367 4231 528 4293 femoralia
546 4230 642 4288 natet.
662 4232 704 4289 nd
719 4231 781 4289 baec
792 4234 916 4291 Tbomas
972 4228 1022 4286 ivit
1035 4243 1087 4301 per
1102 4226 1292 4299 Placentiam,
1317 4231 1347 4283 et
1363 4226 1470 4283 multas
1494 4226 1641 4298 civitates,
1658 4226 1730 4283 alias
1745 4241 1798 4300 per

92 4317 234 4375 diaeonus
250 4319 401 4391 respondit
415 4339 420 4375 :
432 4321 512 4377 Dens
522 4320 916 4393 aotaspotestdeitieeaasis
972 4317 1143 4388 blandicias,
1161 4316 1234 4373 alias
1249 4316 1276 4372 vi
1297 4315 1519 4389 apprehendens
1533 4315 1723 4386 congregavit
1738 4330 1799 4372 om·

90 4407 914 4484 reprehensionemianaetaeenire,itleaatemneapatest.
930 4401 957 4462 D
973 4422 1025 4465 nes
1037 4407 1222 4479 quospotuit,
1234 4411 1264 4463 ut
1276 4421 1341 4464 eum
1353 4404 1531 4464 Chuniberto
1543 4411 1696 4480 pugnaret.
1715 4408 1799 4463 Cum·

93 4497 223 4568 cumque
240 4495 319 4554 illurn
343 4497 452 4554 intrare
468 4498 597 4567 iecisset,
613 4514 677 4555 curn
701 4514 802 4570 magna
820 4501 861 4557 ira
876 4501 914 4558 lo·
973 4511 1029 4571 que
1043 4496 1240 4556 Cbunibertus
1254 4503 1376 4556 econtra
1391 4512 1460 4556 suos
1476 4497 1639 4570 colligeret,
1654 4511 1797 4555 convene

91 4589 234 4643 eutusest
255 4586 291 4643 ei.
306 4587 388 4654 Quod
404 4587 557 4646 audientes
572 4604 673 4647 omnes
686 4589 797 4663 elerici,
813 4591 917 4651 timue·
973 4592 1040 4646 runt
1053 4589 1193 4661 ineampo
1212 4589 1260 4661 qui
1282 4590 1446 4646 Coronatus
1458 4587 1577 4660 dicitur,
1596 4588 1694 4660 ibique
1709 4591 1799 4644 stete-

93 4680 163 4732 runt
177 4673 294 4732 nimium
307 4682 461 4748 sperantes
475 4678 590 4749 quadiu
604 4679 652 4735 illa
664 4679 783 4737 civitate
795 4687 917 4754 propter
973 4677 1237 4736 runt.iiisitautem
1254 4676 1776 4737 chunibertusadblacbisumdiceus
1790 4693 1796 4730 :

92 4762 301 4822 crudelitatem
312 4766 375 4836 eius
385 4767 483 4823 vivere
495 4783 551 4824 non
564 4774 694 4840 possent,
706 4777 917 4842 ceperuntque
975 4767 1615 4842 thaidperittaateitamianmmultitado?
1628 4767 1799 4837 Puaaemus

91 4857 207 4910 tautum
231 4853 401 4912 desiderare
416 4861 444 4912 et
460 4871 556 4913 amaro
583 4859 792 4916 chunibertum
819 4874 917 4930 regem
973 4871 1024 4928 eae
1035 4855 1153 4929 citaqet
1165 4859 1219 4930 qai
1233 4857 1349 4927 vicerit,
1360 4870 1486 4928 reanum
1496 4855 1602 4913 teneat.
1616 4851 1734 4910 alachis
1750 4867 1799 4908 au-

91 4957 189 5012 suum,
203 4946 341 5013 quaatum
356 4944 512 5002 audierunt
528 4947 647 5003 Alaelrin
664 4948 813 5005 crudelem
830 4952 860 5004 et
871 4964 918 5005 su·
972 4949 1032 5003 tem
1047 4946 1150 5004 uoluit.
1174 4946 1224 5003 Cui
1240 4945 1314 5003 dixit
1330 4961 1406 5004 unus
1430 4947 1465 5002 de
1479 4942 1586 5016 populo
1610 4956 1674 5014 suo,
1690 4954 1798 5012 genere

91 5032 227 5104 perbum.
250 5032 329 5089 Unde
348 5034 508 5092 erudelitas
522 5036 585 5106 ejus
596 5041 625 5092 et
640 5036 778 5108 superbia
794 5053 850 5093 non
866 5037 918 5096 du·
972 5036 1098 5093 Tuscus:
1109 5030 1800 5108 marcaonpaaaascaanee?Taesfertissinaas

91 5120 171 5177 ravit
185 5133 238 5191 per
253 5114 500 5194 tempora'multa.
514 5126 720 5197 Deniquecum
734 5125 858 5197 quadam
870 5126 918 5185 die
974 5126 1004 5183 et
1015 5125 1248 5197 audacissimus,
1266 5126 1296 5182 et
1314 5137 1368 5183 eur
1385 5123 1525 5181 eoaeeia
1538 5135 1605 5180 ama
1619 5119 1751 5179 andacia
1764 5119 1803 5180 at

90 5207 205 5266 solidos
220 5225 308 5283 super
328 5225 456 5270 mensam
471 5228 553 5272 suam
577 5217 754 5288 numeraret,
774 5230 847 5273 unus
861 5219 918 5273 tre·
969 5228 1085 5288 maes
1098 5229 1165 5274 eam
1185 5215 1234 5273 eol
1261 5211 1379 5272 Alaobis
1405 5211 1557 5285 respoudit
1573 5229 1579 5266 :
1598 5208 1799 5269 abaciacum

773 5374 893 5435 VdeAE
911 5376 1110 5437 tscrledxs

127 5503 175 5543 ¹⁴⁴⁸
191 5506 282 5567 alahis
295 5523 371 5581 corr,
389 5506 499 5568 alachis
514 5515 538 5566 1.
583 5507 628 5542 ¹⁰⁴⁹
641 5507 735 5569 alahis
750 5517 775 5569 t.
820 5509 867 5545 ¹⁰⁶⁰
881 5511 986 5574 alabiru
1000 5524 1074 5572 serr.
1092 5508 1217 5570 alaebim
1233 5515 1260 5570 t.
1275 5505 1369 5574 tetta
1382 5509 1532 5583 meones
