3788 6000
139 172 197 245 ara
618 162 800 247 trationis
822 183 999 246 annixus
1020 183 1362 252 nnauumauusrs
1786 188 1845 252 sair

137 323 314 393 ubicumque
326 334 377 392 per
389 318 473 378 uillas
491 320 640 390 intrasset,
660 320 739 403 sigua
757 319 960 391 pulsabantur,
976 323 1004 381 Α
1020 334 1088 376 sens
1110 337 1174 379 eum
1201 324 1350 393 iratribus,
1374 325 1564 396 quoadusque
1590 323 1653 379 nari
1677 324 1843 396 impositum

137 412 263 487 populus
279 410 379 468 avieis
391 415 420 466 et
432 409 509 479 aguis
520 410 699 465 corrueniens
710 408 861 464 venientes
875 422 963 480 oppe-
1019 413 1399 481 aspectuisubduceretur,
1413 414 1512 483 dirigit
1525 414 1693 481 linianum,
1711 413 1848 470 omnihus

136 504 269 562 riehatur
285 517 349 558 curn
365 499 512 567 erureihuS,
530 497 681 554 thuribulo
704 501 732 553 el
758 496 960 553 lunriuaribus.
1021 500 1093 554 trito
1109 501 1182 555 ealle
1197 501 1411 569 gradientibus,
1428 506 1457 556 et
1468 502 1633 573 psalmodiae
1646 501 1770 557 oilleiurn
1788 517 1844 558 non

140 592 214 649 lllod
232 595 328 647 autem
352 588 525 656 mirabilius,
552 586 628 656 quod
653 602 717 643 cum
740 603 754 640 a
781 584 864 653 longe
889 583 965 640 uide·
1020 588 1235 646 deserentibus.
1248 591 1370 645 l'errtrun
1384 595 1428 646 est
1440 589 1727 661 igituradqnandam
1746 589 1845 645 villam

141 688 206 739 rard
221 680 373 738 uenientes
391 678 500 734 lurreris
515 677 737 746 obsequutores,
759 674 796 728 hii
815 672 863 744 qui
879 677 963 728 erant
1020 677 1169 734 diniacort
1185 679 1299 735 nornine
1318 680 1496 750 populosam,
1523 694 1609 750 snpra
1634 680 1787 750 praelatum
1805 680 1847 735 al-

139 772 167 827 iu
184 771 262 841 agris
275 768 321 824 vel
339 768 366 822 in
383 766 498 837 pascuis
512 779 664 834 equorum,
679 762 781 818 rustici
803 763 894 817 boues
919 775 963 815 re-
1019 780 1101 820 reum
1115 767 1210 836 sitam,
1223 767 1321 824 trihus
1333 767 1427 836 leugis
1437 769 1473 824 ab
1485 769 1555 823 rrrlre
1567 767 1652 837 longe
1665 768 1799 838 positam,
1815 775 1844 824 et

138 861 320 931 linquebant,
337 855 452 925 equites
477 868 569 923 equus
592 850 811 918 ascerulebant,
822 853 849 905 et
876 851 962 905 lunas
1018 852 1076 908 illis
1091 856 1311 911 remorantibus
1323 855 1532 925 aliquantulum
1544 856 1591 925 iqui
1604 857 1798 927 persinuosos
1815 863 1845 914 et

139 949 242 1019 injussi
269 944 531 1018 prosequebantur,
558 945 588 996 et
617 956 652 995 ne
680 939 783 995 saltem
811 937 892 994 orreri
923 937 962 991 ri·
1017 943 1845 1016 retlexosduminisaul'ractuseorpusdedncehaut,cum

140 1039 279 1095 dererrtor
295 1048 361 1089 esse
377 1031 482 1101 bajulis
498 1030 696 1101 exequiarum,
715 1043 778 1099 rqrrae
795 1025 960 1083 necessaria
1017 1030 1059 1088 illi
1072 1031 1129 1100 iarn
1147 1033 1295 1088 renuissent
1308 1034 1357 1103 qui
1370 1035 1508 1102 exequias
1524 1034 1717 1104 deducebant,
1730 1038 1761 1090 et
1775 1021 1847 1092 remi

137 1132 220 1183 erant
237 1124 291 1194 ipsi
308 1123 363 1178 sihi
377 1121 591 1192 praeparabant,
605 1124 709 1174 etcum
722 1118 767 1173 oti.
782 1121 887 1183 rretur,
907 1128 960 1169 non
1016 1124 1331 1191 gantcsexpectareut,
1342 1121 1574 1178 uellentetiaruet
1585 1125 1847 1180 ammonerentele.

138 1213 330 1284 accipiebant.
364 1212 433 1266 Cum
463 1207 513 1263 tali
545 1207 635 1276 igitur
667 1204 816 1276 triumpho
849 1202 961 1258 Tullum
1018 1208 1198 1278 ricosuillae‚
1220 1209 1847 1284 traurnscilieetaoelesiarum,etcorpori

137 1305 292 1370 uerierunt,
317 1305 346 1355 et
361 1300 396 1354 ah
421 1298 559 1368 episeopo
584 1300 613 1350 ct
637 1296 742 1350 abbate
767 1293 864 1348 Sancti
889 1294 963 1346 llan-
1018 1297 1131 1353 olruiam
1146 1298 1480 1368 errnlessuuphriajusta
1494 1298 1704 1370 persolverent,
1720 1300 1848 1357 sieutiet

137 1391 211 1450 sueti
227 1393 328 1461 parata
340 1385 543 1456 sollempniter
556 1383 755 1455 processione,
768 1385 831 1437 tota
843 1395 964 1449 eorrgre-
1018 1384 1065 1440 alin
1077 1386 1206 1441 lacerant
1217 1385 1304 1441 etiarn
1314 1401 1370 1442 non
1383 1388 1531 1443 anunoniti
1547 1407 1552 1440 :
1570 1388 1693 1457 irraligna
1714 1390 1846 1459 quaedam

136 1482 255 1552 gatione
271 1477 346 1534 albis
360 1476 473 1543 induta,
489 1472 637 1541 crucibus,
655 1471 770 1526 vexillis
794 1475 823 1525 et
847 1468 963 1524 diuerso
1017 1478 1046 1527 ot
1062 1473 1177 1543 iruligna
1193 1473 1356 1530 obicientes
1377 1475 1555 1545 sacerdotes,
1579 1490 1734 1546 numquam
1760 1477 1796 1532 ad
1818 1475 1845 1532 id

136 1569 238 1640 gloriar
255 1569 397 1637 apparatu
414 1562 510 1626 elatis,
537 1576 645 1631 corpus
662 1565 793 1615 sarnetum
805 1556 960 1628 excipitur,
1018 1563 1081 1629 eogi
1096 1567 1264 1633 potuerunt,
1280 1563 1530 1633 utconsuctujure
1541 1565 1847 1621 humanitatisoratio-

141 1664 208 1714 aute
223 1655 315 1711 altare
327 1652 492 1723 deponitur,
506 1655 535 1704 et
548 1648 680 1719 exequiis
701 1645 899 1717 solrrnpnlbus
915 1643 963 1698 ho·
978 1678 1003 1736 B
1020 1651 1847 1722 aaranprogredientesdarent;seduralignumeumasseve-

138 1751 269 1803 noratur.
287 1745 388 1812 ltaque
414 1740 451 1795 ibi
479 1742 681 1810 pernoctatum
707 1741 760 1792 est.
789 1737 881 1805 (liant.
905 1738 961 1799 30.)
1020 1740 1848 1812 ranteseumesse,quiergaepiseoposrehellioneutere·

137 1833 190 1890 Ubi
206 1832 312 1901 illuxit,
330 1829 364 1884 ad
382 1828 499 1883 arissam
517 1827 619 1882 deuota
640 1827 761 1880 iratrrun
786 1823 895 1879 caritas
918 1836 962 1875 at·-
1019 1827 1850 1900 tur,ipsossaeer·d0tio,iinperatoremregnoquasidetru-

139 1922 277 1992 cingitur,
294 1923 322 1975 et
339 1915 565 1973 occurrentibus
581 1913 715 1969 certatim
735 1912 879 1978 fidelibus,
895 1926 960 1965 euru
1018 1914 1087 1970 clf-re
1103 1915 1264 1984 moliretur,
1282 1914 1502 1972 conclamabant
1520 1917 1632 1972 beatam
1648 1933 1715 1974 esse
1739 1919 1842 1976 horam

140 2025 250 2068 summa
267 2006 423 2064 deuotione
438 2005 466 2059 in
493 2003 577 2059 laude
604 2002 653 2057 llci
677 2007 705 2056 et
733 1999 860 2056 tideliorn
883 1997 963 2054 obla-
1019 2002 1211 2072 lunerisejus
1226 2003 1848 2074 inquooumisrcbellionisetdissensionis

138 2101 217 2155 tione
234 2096 464 2169 percelebratur.
482 2093 679 2162 Expectabant
697 2089 828 2145 ecclisiae
845 2088 962 2157 ruajoris
1017 2093 1134 2148 cerasia
1145 2091 1428 2162 deperisset.llisita
1437 2091 1612 2161 garrrditate
1623 2095 1772 2153 rusticana
1783 2111 1848 2169 per·

139 2187 232 2245 saneti
249 2182 386 2256 Stephani
402 2180 534 2238 canonici
547 2179 654 2235 deterri
668 2178 722 2233 sibi
735 2177 847 2247 glebam
860 2190 963 2247 eorpo-
1018 2180 1849 2252 strepentibus‚eorpuspertransiit,pr0sequentiumtur-

139 2279 190 2345 ris,
209 2279 241 2333 ut
255 2279 284 2330 et
301 2268 336 2330 ab
352 2271 424 2343 ipsis
440 2268 573 2339 exequiis
587 2267 696 2323 debilis
712 2266 917 2335 honoraretur,
933 2270 960 2319 et
1019 2270 1054 2325 ba
1066 2275 1181 2340 ceptum
1200 2269 1255 2324 iter
1270 2272 1447 2339 prosequuta
1464 2276 1517 2336 est,
1536 2270 1750 2329 rusticanorum
1766 2288 1849 2330 vesa-

138 2380 191 2437 per
206 2361 381 2419 monasteria
397 2357 526 2414 civitatis
542 2356 764 2426 deportaretur;
781 2354 832 2410 sed
850 2354 885 2409 ah
908 2353 961 2422 bis,

139 2467 262 2525 querum
277 2453 339 2507 erat
354 2449 409 2503 iter
434 2446 610 2513 accelerare,
636 2443 807 2514 perruissunr
829 2456 884 2498 uon
908 2446 962 2510 est,

138 2541 216 2614 quod
233 2539 306 2594 satis
321 2550 390 2606 egre
400 2535 435 2590 ab
447 2534 584 2605 episeopo
595 2536 623 2588 et
635 2531 783 2587 ‹eanonicis
801 2535 962 2602 acceptum.

138 2629 199 2700 (tol.
219 2627 293 2696 tur.)
310 2627 348 2680 Ea
374 2623 420 2678 die
446 2621 531 2690 longo
556 2621 657 2675 ordine
684 2619 910 2691 praecedentium
935 2623 965 2672 et

90 2743 97 2760 ·
140 2713 392 2784 subsequentium,
410 2712 527 2765 rentum
541 2714 589 2764 est
603 2708 637 2765 ad
652 2708 857 2763 inerrasteriunr
871 2712 965 2771 saneti

1019 2359 1093 2414 niam
1103 2356 1682 2427 ultionediuinaevestigiocousequente.
1692 2361 1760 2417 Cum
1773 2362 1848 2417 euim

1020 2448 1072 2503 hec
1085 2461 1115 2502 se
1128 2445 1234 2501 secisse
1245 2446 1383 2514 gaudent,
1403 2451 1432 2501 et
1443 2447 1567 2516 quadam
1583 2448 1709 2518 superba
1729 2448 1850 2506 leuitate

1020 2539 1101 2591 recte
1116 2549 1146 2590 se
1164 2535 1266 2590 iecisse
1282 2533 1463 2605 applaudunt
1479 2534 1532 2590 sibi
1553 2534 1647 2606 palam
1662 2540 1693 2592 et
1718 2537 1846 2608 publice,

1021 2623 1226 2695 impenitentes
1234 2621 1540 2692 ignisultorinuasltet
1550 2627 1638 2680 totam
1650 2623 1851 2683 uillamineen·

1021 2712 1112 2767 dioab
1129 2711 1243 2780 integro
1259 2715 1470 2766 eonerematanr
1486 2712 1608 2768 necdum
1625 2726 1723 2769 rneuse
1743 2723 1849 2772 exacto

85 2854 88 2861 .
139 2801 287 2861 Michaelis
310 2800 384 2868 (ihi)
410 2811 499 2868 super
523 2797 629 2852 Mosam
656 2795 772 2850 lluriunr
800 2795 897 2863 sitnm,
925 2793 964 2849 uti

137 2895 245 2949 tuucet
257 2904 333 2945 nunc
345 2886 483 2959 praesidet
495 2882 881 2940 abhatisolliciedornuusO.
891 2882 965 2952 (hah)

138 2982 222 3038 hena
235 2975 433 3049 simplicitatis
449 2973 502 3044 rir,
517 2972 690 3029 innocentiae
705 2976 734 3026 et
747 2971 898 3040 religionis
919 2971 966 3042 do,

136 3069 287 3132 micilium,
305 3065 451 3123 domurn
463 3063 595 3123 eerrobio.
611 3061 658 3118 uhi
671 3062 715 3116 vir
727 3060 775 3115 bei
787 3061 821 3115 de
834 3074 890 3129 quo
906 3060 966 3128 agi.
981 3022 1006 3085 C
1021 3065 1143 3121 sterium
1159 3064 1282 3120 nuncius
1299 3062 1515 3121 adventantium
1531 3065 1719 3135 exequiarum
1740 3083 1849 3139 praeeu-

137 3166 184 3217 tur
200 3155 399 3214 rrronaehicunr
415 3167 510 3208 seeum
527 3154 713 3222 susceperat,
727 3151 829 3219 raptus
841 3148 877 3203 ad
891 3149 967 3218 regi.
1021 3160 1164 3222 currerat,
1174 3152 1232 3220 iarn
1244 3166 1317 3220 grex
1330 3150 1454 3207 liliorum
1471 3153 1546 3224 patri
1559 3153 1606 3223 pie
1616 3152 1742 3212 deuotus
1758 3156 1788 3212 iu
1802 3173 1849 3214 oc-

136 3262 201 3303 men
216 3245 391 3301 animarum!
406 3242 458 3306 Qui
470 3240 557 3296 ctiam
571 3243 650 3294 tanta
664 3238 829 3293 seinvicem
842 3237 966 3293 caritate
1021 3256 1140 3298 cursum
1153 3239 1287 3311 eorporis
1298 3240 1655 3312 appropinquantislongo
1665 3258 1805 3314 processu
1818 3261 1850 3301 se

86 3336 90 3343 ’
137 3335 313 3402 dilexerant,
331 3336 372 3397 ut,
392 3329 572 3398 intelligeres
584 3327 727 3398 quandam
740 3327 767 3380 in
778 3327 821 3381 eis
832 3326 967 3383 caritatis
1022 3330 1220 3401 proripuerat,
1233 3334 1262 3384 et
1274 3335 1485 3400 praetergressa
1497 3329 1661 3387 ciuitatead
1676 3333 1849 3390 suburbium

137 3428 168 3480 et
183 3418 388 3478 benivolentiae
405 3417 634 3473 communionem
652 3421 681 3471 et
697 3415 822 3471 similem
838 3415 967 3471 innocin-
1022 3417 1771 3488 ultramuraneumopperiensvcnieatesinaecelesia
1784 3437 1850 3478 san-

137 3511 186 3567 tiae
202 3518 230 3566 et
246 3506 397 3577 religionis
410 3503 607 3573 concordiam,
627 3503 741 3559 undeet
754 3503 810 3558 iste
824 3502 904 3559 illum
920 3519 967 3574 pa·
1022 3504 1607 3562 ctiVictoriseonsederat.Eratineadcm
1619 3500 1850 3577 congregatione

136 3599 175 3655 tri
188 3598 287 3654 debito
300 3595 495 3652 reverebatur
506 3592 626 3660 bonore,
640 3595 670 3646 et
682 3591 770 3646 istmn
784 3590 832 3646 ille
844 3591 965 3661 quadam
1022 3592 1851 3665 irateraliquantaeutilitatis‚siscissetreprimeramotus

135 3679 595 3753 tenerrimaetinreprehensibili
613 3679 836 3751 amplexabatur
853 3679 968 3736 liliatio·
1021 3681 1498 3753 animiindignantis,etappetitus
1519 3683 1650 3753 frangere
1665 3685 1849 3743 earnismale

138 3790 183 3845 ue,
198 3777 299 3844 utpote
310 3771 357 3841 qui
373 3773 455 3827 honae
466 3768 545 3838 uitae,
561 3769 743 3833 bonaelamae,
754 3769 836 3824 bonae
847 3783 966 3824 conarer.
1020 3770 1210 3835 blandientis,
1224 3773 1255 3826 ut
1273 3769 1351 3840 quod
1367 3771 1537 3841 plerumque
1548 3771 1622 3828 male
1633 3778 1753 3844 ceperat
1774 3775 1848 3831 hene

138 3857 507 3926 sationiserantetgratiae.
518 3855 964 3926 llieutaudivitpatrisdcluneli
1021 3861 1120 3914 nosset
1132 3856 1297 3913 dimittere.
1314 3858 1362 3928 qui
1373 3863 1402 3912 et
1414 3858 1695 3929 ordinationiejusin
1706 3860 1800 3931 initio,
1817 3862 1845 3918 in

138 3949 241 4006 adesse
256 3946 473 4018 corpusculum,
491 3944 574 4014 quasi
595 3944 643 4014 qui
668 3949 861 4015 srrscepturus
884 3949 963 4000 esset
1019 3947 1113 4002 medio
1128 3949 1158 4001 et
1175 3947 1201 4001 in
1218 3946 1272 4001 sum
1286 3960 1400 4017 semper
1411 3946 1509 4001 extitit
1525 3947 1702 4019 contrarius,
1717 3954 1747 4004 et
1759 3950 1848 4005 omni·

138 4037 354 4110 preciosissima
373 4035 492 4106 pignora
508 4037 686 4102 sanctorum,
703 4033 744 4088 sic
757 4032 884 4089 instituit
901 4048 964 4100 pro·
1020 4035 1073 4091 bus
1085 4050 1176 4106 prope
1187 4035 1272 4090 laetis
1283 4034 1383 4103 eiusct
1393 4035 1549 4105 praecptis
1562 4051 1614 4092 seu
1626 4037 1847 4095 constitutioni·

137 4126 279 4184 cessionis
290 4124 414 4180 officium
426 4122 573 4191 crucibus,
583 4121 707 4191 uexillis,
720 4121 961 4184 timiamatheriis,
1020 4124 1074 4180 hus
1087 4128 1151 4180 erat
1166 4123 1367 4190 aduersarius;
1377 4123 1428 4179 sed
1441 4123 1681 4193 quoddestruere
1694 4140 1749 4182 non
1764 4131 1847 4198 pote·

135 4213 321 4272 ceroferariis
333 4218 360 4267 ct
370 4212 447 4269 ornni
455 4211 556 4281 gloriae
569 4225 583 4265 a
589 4216 721 4282 pparatu,
730 4215 759 4265 ct
769 4209 963 4266 siedeeoratis
1020 4211 1842 4282 rat,quiaaliternequihat,cgrcridebaturassentaneus.

136 4305 270 4361 onrrribus
282 4302 386 4358 seritis
398 4315 525 4371 auroque
538 4300 628 4354 textis
640 4299 774 4356 uestibus
784 4299 887 4354 obvius
900 4314 964 4370 pro·
1022 4301 1089 4356 Erat
1100 4301 1199 4369 etiarn,
1212 4305 1243 4356 ut
1253 4299 1417 4367 videbatur,
1428 4305 1457 4355 et
1469 4305 1501 4356 ut
1518 4303 1679 4372 asserebat,
1694 4302 1846 4360 intirmita·

135 4393 208 4448 eedit
221 4391 339 4460 corpori
352 4394 433 4444 totus
445 4388 576 4457 iestirus,
586 4388 794 4458 exceptoquod
806 4402 870 4444 euru
881 4387 965 4454 laeri,
980 4372 1006 4431 D
1023 4389 1425 4459 tibuscar-trisaliquantulum
1434 4389 1623 4461 praepeditus,
1633 4390 1710 4447 sieut
1719 4389 1846 4463 plerum·

61 4514 64 4521 ·
136 4480 189 4536 nris
206 4485 236 4534 et
247 4478 374 4547 gendum
392 4491 564 4547 quamquam
578 4480 606 4530 et
623 4476 674 4532 hoe
692 4475 730 4531 sit
743 4476 876 4533 lestis-'um
889 4492 963 4554 esse,
1022 4493 1077 4549 que
1093 4477 1200 4535 assolet
1215 4493 1251 4533 ex
1268 4477 1465 4547 indignatione
1480 4483 1510 4534 et
1525 4478 1647 4535 adrersa
1660 4479 1840 4538 habitudine.

136 4567 276 4638 exequias
294 4564 507 4634 religiosorum,
525 4579 624 4621 eorum
641 4565 763 4621 rrraximc
780 4565 829 4635 qui
853 4562 966 4622 lahora-
1021 4581 1073 4623 scu
1090 4566 1275 4638 passionibus
1288 4565 1410 4621 horninis
1427 4566 1576 4623 interieris
1590 4568 1768 4625 exteriorem
1782 4585 1845 4628 eor·

138 4660 244 4714 uerrunt
262 4655 288 4709 in
307 4652 630 4722 rerboetopere‚etdr
643 4668 765 4722 quorum
777 4653 837 4708 rita
849 4654 966 4710 noudu·
1021 4655 1114 4727 rumpi
1130 4660 1157 4709 et·
1173 4654 1332 4722 indignari;
1350 4655 1416 4710 dum
1433 4670 1489 4710 rron
1509 4659 1552 4711 est
1579 4657 1627 4726 qui
1651 4657 1844 4716 rnedieameu·

1021 2797 1848 2869 luisseeonstat.Norrcretlenlhis,quinonereduntlleum

1020 2888 1177 2945 uindictam
1189 2887 1386 2943 retribuet-eiu
1395 2887 1495 2943 hostes
1503 2888 1600 2960 populi
1609 2889 1664 2959 sui,
1676 2892 1848 2962 sanguinem

1021 2991 1172 3033 seruorum
1186 2989 1306 3032 suorum
1321 2981 1453 3046 paratum
1470 2974 1583 3032 ulcisci.
1604 2977 1666 3033 lam
1691 2978 1727 3034 ad
1752 2995 1848 3037 uuona-

136 4745 258 4814 bilatur‚
277 4742 446 4811 inquorum
460 4740 646 4796 estimatione
659 4741 722 4796 laus
734 4747 833 4797 nostra
851 4758 905 4797 non
918 4759 965 4814 pe·

136 4833 296 4901 rielitatur,
307 4828 458 4886 eelebrare
471 4829 707 4902 sollempniterin
721 4830 830 4898 gannitu
840 4832 962 4903 etaninq

134 4921 318 4980 contritione.
330 4917 471 4975 Volabant
481 4917 568 4989 aliqui
582 4918 887 4989 repriruercimpetum
896 4921 961 4991 uiri,

134 5011 184 5065 sed
201 5010 248 5080 qui
266 5013 387 5065 noverat
405 5006 535 5063 defuncti
551 5006 755 5075 interiacentium,
776 5007 864 5064 nichil
877 5010 963 5074 nimis

134 5098 280 5153 laetrrrurn
296 5112 327 5152 se
344 5097 484 5153 credebat
499 5097 533 5152 ad
546 5095 609 5164 ejus
625 5111 675 5167 pro
689 5097 745 5151 lieo
758 5098 963 5154 reuerentiam-

135 5185 228 5257 (biart.
246 5184 300 5253 ar.)
319 5185 395 5240 l'eeit
412 5200 481 5254 ergo
500 5191 583 5240 noete
601 5182 660 5253 illa,
678 5183 754 5253 rprrod
769 5184 862 5256 potuit
880 5190 908 5241 et
921 5186 962 5242 di-

134 5272 226 5330 ctauit
239 5272 393 5328 aestuantis
409 5274 530 5328 allectus
547 5272 644 5340 arrirni,
662 5275 692 5326 et
712 5271 807 5328 locata
836 5288 907 5330 naue
932 5280 960 5331 et

134 5361 232 5420 nautis
246 5359 351 5429 baiulis
363 5360 471 5416 lurreris
483 5374 534 5432 per
546 5361 650 5416 llosam
664 5359 791 5430 ssrrrium,
805 5362 868 5432 ipse
890 5378 961 5434 prae-

1018 4746 1081 4800 turn
1096 4743 1241 4811 adhibeat,
1260 4747 1309 4798 aut
1324 4742 1463 4813 malagma
1479 4742 1570 4814 plagae
1586 4742 1686 4801 liventi
1702 4746 1841 4818 imponat,

1020 4832 1095 4903 quod
1122 4830 1164 4886 illi
1187 4845 1272 4902 quam
1293 4833 1415 4888 maxime
1437 4832 1590 4903 contingit,
1615 4834 1664 4905 qui
1691 4835 1843 4908 passiones

1019 4922 1121 4977 animae
1134 4920 1208 4992 patri
1221 4920 1366 4991 spirituali
1379 4920 1475 4976 differt
1487 4921 1702 4993 cerularium,
1715 4924 1841 4981 dumalii

1018 5008 1417 5080 accingunturexpeditioni,
1437 5025 1491 5078 qua
1515 5010 1591 5081 patri
1615 5011 1731 5069 obviam
1761 5019 1840 5084 aaut,

1017 5097 1475 5170 operamdar·eduurconantu1·et
1488 5099 1650 5156 necessaria
1660 5106 1840 5174 praeparant,

1017 5187 1052 5244 ad
1068 5187 1194 5258 priorem
1211 5186 1352 5243 accedens
1364 5199 1470 5244 causas
1486 5186 1664 5245 infirmitatis
1690 5191 1840 5263 enuueiat,

1018 5291 1073 5331 nou
1089 5291 1174 5348 posse
1190 5290 1221 5332 se
1233 5275 1290 5331 iter
1300 5273 1373 5331 illud
1384 5277 1528 5332 conticere
1540 5281 1685 5349 autumat,
1698 5285 1729 5336 ut
1742 5279 1843 5335 remit-

1016 5363 1841 5440 taturexorat.Priortergiversationisejusnonignarus,

933 5461 1045 5520 NOTAE.

170 5529 244 5608 (aar)
259 5530 286 5591 s.
304 5528 398 5588 uruat.

1049 5533 1124 5610 (aaa)
1141 5532 1304 5593 odalricus.
