3788 5992
81 216 142 280 897

705 216 953 282 CHRONIGON.
970 254 1010 266 —
1024 217 1106 284 LIB.
1126 218 1163 283 11.

1724 226 1784 291 398

81 367 141 425 quo
148 352 220 425 pede
231 350 412 409 claudicaret
423 353 495 411 bene
503 356 623 430 sciolus,
636 358 841 417 necconcessit
851 371 903 414 nec
919 368 946 430 Α
961 352 1012 425 lrgi
1027 353 1112 426 quod,
1130 354 1196 426 qula
1208 354 1281 427 ipso,
1293 357 1377 426 cujus
1387 355 1695 428 eratlunos,ordinatc
1706 376 1785 421 vrso·

80 441 194 511 abnuit,
212 441 264 499 sed
280 440 306 498 ei
322 443 416 498 toturn
433 443 581 518 imposuit,
599 453 629 504 ut
640 452 701 521 ipse
712 449 824 505 videret
836 444 905 518 quid

81 533 195 600 ageret,
208 530 360 601 negocium
374 531 452 587 istud
468 533 569 592 dicens
584 536 661 594 inter
673 541 761 595 Deum
773 542 803 593 et
813 537 905 608 ipsum

79 619 906 698 constare,quicordisvideretocculta;praecaverctipse

81 706 152 777 sibi,
162 706 186 764 si
198 721 267 763 vera
278 707 586 779 essetinrpossibilitas
594 730 678 785 quam
687 714 905 787 pretendebat;

81 795 173 851 Deum
190 799 323 867 paratoni
338 795 440 853 ulcisci
456 813 569 856 ornnem
588 802 787 873 dolositatem,
809 801 907 858 inobe-

80 881 221 940 dientiam
238 888 266 940 et
281 884 482 952 mendacium;
501 904 531 945 se
545 905 634 962 super
648 906 679 948 se
694 890 782 947 nichil
803 891 906 947 borum

80 972 227 1043 accipere,
242 973 293 1029 sed
305 974 363 1029 lieo
377 979 406 1029 et
418 975 473 1046 ipsi
487 980 744 1050 totumimponere.
755 978 814 1049 (iol.
831 979 903 1049 147).

78 1061 157 1116 llum
170 1074 240 1131 ergo
256 1067 311 1132 est,
329 1061 379 1116 illo
397 1069 573 1135 remanente,
589 1072 619 1122 et
634 1083 746 1124 omnem
759 1065 840 1123 illum
852 1080 905 1137 pro

80 1152 200 1205 mortuo
214 1155 385 1220 apparatum
402 1152 484 1221 quasi
500 1154 631 1222 graviter
647 1157 767 1212 serente.
786 1154 840 1210 Sed
856 1153 905 1225 qui

78 1236 117 1293 ad
134 1237 228 1309 patris
244 1237 286 1294 ire
300 1237 415 1295 distulit
432 1242 580 1312 exequias,
597 1244 658 1314 ipse
669 1260 704 1300 eo
716 1243 764 1314 qui
776 1243 832 1299 sibi
842 1257 906 1300 con·

79 1324 239 1383 sessionem
256 1327 350 1396 daret,
367 1328 503 1385 viaticum
520 1332 684 1401 porrigeret
695 1331 831 1388 morienti
840 1345 906 1388 exe·

79 1414 166 1485 quies
181 1414 299 1485 laceret,
312 1416 453 1486 obsequio
468 1419 562 1474 caruit
577 1438 582 1472 :
603 1420 698 1476 subita
711 1424 741 1475 et
757 1420 905 1491 inopinata

961 448 1006 498 rat
1022 443 1143 500 honeste
1156 449 1185 500 et
1200 445 1334 502 ordinate
1349 459 1380 502 se
1395 446 1548 516 babuerat,
1566 448 1660 504 omnia
1676 465 1741 521 quae
1755 451 1784 509 ci

961 533 1175 603 competebant,
1192 533 1326 590 ordinata
1337 538 1366 590 et
1377 533 1538 605 composita
1554 549 1569 591 a
1581 537 1676 591 becci
1689 539 1785 609 provi·

963 619 1112 689 darentur.
1130 621 1199 677 Nam
1215 627 1245 677 et
1259 637 1324 679 cunr
1334 621 1369 679 de
1379 625 1463 693 petra
1475 637 1530 693 qua
1544 622 1640 679 claudi
1657 623 1784 683 debebat

962 712 1109 780 ageretur,
1126 713 1155 765 et
1172 709 1220 765 vix
1235 709 1357 766 inveniri
1374 726 1458 782 posse
1474 711 1625 768 videretur
1639 711 1675 768 ad
1687 712 1784 774 locum

963 797 1011 853 ubi
1029 797 1150 853 inveniri
1168 799 1326 869 putabatur
1340 799 1468 857 artifices
1479 800 1593 870 directi,
1606 802 1699 872 prima
1710 801 1784 859 irru-

963 885 1061 955 ptione
1075 901 1127 942 seu
1141 886 1218 943 adita
1232 891 1319 944 terrae
1331 888 1458 958 quinque
1473 890 1784 960 petrasexcavatasin·

963 980 1104 1029 venerunt
1119 988 1183 1030 cum
1200 974 1357 1046 operculis,
1375 990 1497 1046 quarum
1519 992 1582 1048 quae
1607 977 1732 1049 dignior,
1754 983 1784 1036 et

962 1060 1064 1132 major,
1079 1066 1109 1117 et
1123 1062 1248 1120 habilior
1264 1064 1325 1119 visa
1340 1068 1395 1134 ost,
1407 1066 1538 1136 receptui
1550 1066 1683 1137 corporis
1705 1067 1784 1125 beati

963 1153 1061 1219 aptata
1072 1154 1125 1206 est.
1138 1149 1275 1207 Dicebant
1289 1151 1379 1223 aliqui
1391 1152 1512 1222 utJ'uxta
1526 1154 1662 1210 domnum
1681 1156 1786 1213 Beren-

962 1236 1075 1305 garium
1090 1237 1269 1308 episcopum,
1287 1240 1336 1309 qui
1351 1239 1503 1297 institutor
1514 1241 1566 1297 luit
1578 1241 1702 1313 cenobii,
1716 1248 1784 1301 aute

963 1324 1056 1380 altare
1070 1324 1184 1382 scilicet
1201 1327 1293 1383 sancti
1316 1327 1434 1384 Firmini
1458 1328 1645 1401 sepeliretur,
1672 1345 1725 1402 pro
1748 1346 1784 1389 eo

964 1413 1040 1484 quod
1056 1415 1243 1483 monasterio,
1262 1416 1311 1472 ubi
1326 1416 1492 1486 preciosum
1507 1433 1614 1489 corpus
1628 1419 1692 1489 ejus
1704 1420 1784 1491 quie·

80 1507 177 1558 morte
186 1502 352 1574 defunctus,
363 1504 562 1577 utctiampost
573 1508 905 1578 mortisejusnraximum
963 1501 1028 1572 scit,
1042 1502 1101 1559 vita
1112 1509 1280 1560 excesserat
1293 1522 1300 1570 ;
1313 1504 1364 1560 sed
1376 1504 1444 1575 quia
1454 1503 1535 1561 locus
1547 1504 1784 1579 illeaconspectu

79 1589 268 1647 intervallum
285 1592 491 1650 vixadveuiret
507 1596 556 1665 qni
569 1595 823 1668 iuneriejnsjusta
844 1611 907 1667 per·
962 1592 1201 1661 congregationis
1216 1592 1334 1650 nimium
1351 1598 1482 1650 remotus
1501 1597 1575 1663 erat,
1601 1599 1668 1651 ante
1691 1597 1785 1654 altare
1827 1614 1829 1619 ·

79 1679 221 1749 solveret,
238 1680 296 1735 beo
313 1680 340 1735 in
357 1681 411 1738 boc
426 1683 513 1739 etiam
530 1686 607 1741 servi
633 1686 677 1741 sui
698 1685 819 1754 injurias
836 1685 906 1741 olei·
963 1679 1057 1735 sancti
1074 1681 1236 1749 Benedicti,
1250 1680 1333 1749 iuxta
1346 1681 1481 1737 domnum
1506 1682 1653 1739 Dadodem
1675 1685 1787 1754 episco-

79 1773 195 1824 scentc.
209 1768 360 1824 Fratribus
372 1769 471 1839 igitur,
486 1775 515 1826 ot
528 1772 562 1827 ad
575 1787 633 1828 rem
646 1773 808 1842 redeamus,
817 1773 906 1828 inaec-
920 1730 946 1791 Β
962 1783 1041 1838 pum,
1053 1769 1102 1825 ubi
1114 1769 1201 1825 etiam
1215 1769 1339 1826 domnus
1349 1771 1526 1828 llnmbertus
1536 1772 1648 1842 primus
1660 1772 1787 1843 ejustoci

78 1854 173 1913 clesia
189 1857 283 1913 sancti
299 1857 427 1914 Victoris
441 1874 550 1931 corpus
576 1862 669 1932 patris
692 1862 903 1933 operientibus.
961 1857 1034 1911 abba
1053 1858 1240 1928 requiescere
1256 1857 1419 1929 dicebatur,
1436 1859 1586 1929 sepultura
1598 1861 1785 1930 ejusiniciata

78 1943 222 2017 episcopo
235 1959 305 2002 vero
318 1960 384 2002 eum
401 1946 517 2004 clericis
532 1954 561 2005 et
574 1949 699 2019 divorso,
714 1955 744 2006 ut
756 1950 784 2006 in
796 1949 905 2007 talibus
959 1949 1012 2000 esl-
1030 1945 1110 2016 (dpr.
1128 1947 1168 2017 i.)
1184 1945 1244 2012 Qua
1259 1961 1383 2017 operase
1398 1947 1571 2018 accelerata,
1589 1949 1784 2008 incrastinum

80 2031 193 2090 assolet
208 2041 351 2106 apparatu
367 2036 438 2107 ripae
457 2037 584 2093 ssorninis
609 2039 783 2109 astantibus,
810 2044 905 2096 nautae
960 2040 1139 2103 congregata
1154 2041 1199 2091 est
1215 2037 1309 2092 omnis
1323 2036 1428 2091 civitas
1443 2037 1478 2091 ad
1490 2037 1784 2109 sepeliendumeun3
1842 2080 1849 2093 .

80 2120 242 2180 adveniunt
254 2137 451 2195 cumcorpore
460 2143 467 2190 ;
476 2132 505 2180 et
514 2132 573 2182 tota
582 2128 654 2183 urbe
663 2128 907 2184 certatimoccur-
959 2127 989 2177 sl
1001 2122 1185 2193 trisselius,
1197 2138 1331 2180 sermone
1344 2124 1422 2195 dato,
1434 2128 1523 2182 terrae
1533 2125 1666 2182 redditus
1675 2130 1785 2199 cst,re·

79 2214 177 2280 rente,
193 2215 223 2266 ut
240 2225 276 2266 ex
291 2214 512 2270 concertatione
526 2215 662 2272 allectum
685 2216 813 2272 onmium
837 2229 906 2286 erga

80 2303 230 2356 mortuum
247 2300 437 2371 intelligeres,
457 2303 542 2359 lanus
557 2304 718 2376 excipitur;
737 2310 766 2360 et
787 2319 908 2375 congre·

78 2387 251 2456 gationibus
264 2388 507 2462 precedentibus,
524 2399 555 2448 ut
570 2394 863 2463 niorisest,crucibns
878 2398 906 2450 et

80 2474 199 2546 reliquo
210 2482 353 2549 apparatu
365 2479 444 2534 circa
455 2494 562 2551 corpus
571 2482 799 2551 remanentibus,
812 2481 846 2537 ad
855 2496 908 2539 aec·

79 2560 202 2621 clesiam
215 2565 352 2636 maJorem
364 2575 472 2624 sanctae
485 2569 579 2626 blarire
592 2571 647 2626 iter
658 2569 909 2641 protenditur,to·

77 2655 111 2707 ta
128 2653 200 2708 urbe
214 2652 307 2722 signis
318 2654 514 2726 pulsantibus.
532 2656 638 2712 Videre
649 2664 713 2713 crat
723 2657 907 2713 suburbanos

79 2738 224 2812 homines,
242 2745 270 2796 et
288 2744 377 2799 etlam
398 2744 575 2813 rusticanos,
602 2747 729 2817 compati
757 2744 907 2803 doloribus

80 2830 289 2886 monaeborum
306 2845 359 2901 pro
374 2847 426 2887 sua
438 2831 823 2903 destitutionemerentium,
836 2837 907 2890 etex

79 2917 285 2989 compassione
302 2919 330 2973 in
346 2932 446 2975 vocem
461 2936 525 2977 cum
542 2920 671 2978 lacrimis
690 2936 853 2993 erumpere,
877 2926 905 2978 et

82 3004 200 3064 dicere:
214 3007 292 3064 Boni
305 3009 454 3078 mosceti,
469 3024 529 3067 noa
543 3011 674 3082 urrrpliss
691 3008 907 3083 recuperabitis

961 2212 1126 2280 surgendus
1141 2211 1169 2267 in
1185 2212 1278 2281 gloria
1295 2218 1324 2268 et
1340 2211 1492 2270 nobiseum
1504 2227 1618 2284 semper
1628 2214 1786 2285 spirituali·

962 2302 1008 2354 ter
1024 2304 1274 2365 conversaturusa
1290 2300 1367 2370 quod
1383 2304 1411 2355 et
1428 2301 1492 2371 lpse
1507 2302 1692 2374 promiserat,
1718 2303 1786 2360 dum

963 2400 1039 2458 suos,
1057 2388 1105 2459 qui
1123 2396 1286 2460 praesentes
1302 2387 1435 2460 aderant,
1452 2388 1487 2444 ad
1499 2390 1587 2447 [teum
1600 2390 1705 2461 iturus,
1717 2393 1785 2464 Deo,

962 2475 1046 2545 qu'os
1062 2482 1155 2546 erant,
1173 2476 1222 2546 qui
1239 2476 1296 2531 sibi
1317 2491 1368 2532 eos
1387 2476 1583 2549 commiserat,
1610 2478 1783 2548 assignaret.

963 2562 1015 2618 Cui
1031 2567 1059 2620 et
1075 2564 1130 2620 boe
1146 2564 1232 2634 digne
1247 2568 1344 2636 potest
1371 2565 1399 2619 in
1425 2565 1536 2621 meritis
1560 2566 1679 2637 ascribi,
1706 2567 1784 2638 quod

962 2652 1130 2721 apudlteum
1142 2653 1243 2709 vivens
1253 2652 1415 2724 optinuerit
1425 2657 1456 2709 ut
1470 2645 1546 2710 inter
1560 2653 1693 2726 scpulcra
1708 2655 1785 2728 epis·

962 2754 1102 2812 eoporum
1117 2747 1152 2799 ab
1163 2743 1350 2813 sepeliretur,
1368 2743 1544 2814 ubi,praeter
1555 2743 1784 2804 domnumabba·

962 2833 1020 2884 tem
1036 2830 1221 2901 Richardum,
1239 2836 1268 2887 et
1284 2832 1436 2903 prelatum
1452 2831 1643 2888 llumbertum
1667 2834 1785 2892 Ermen-

963 2919 1053 2975 ricum
1070 2933 1186 2989 quoqne
1203 2935 1285 2990 reque
1296 2920 1428 2990 abbates,
1441 2918 1578 2977 domnum
1589 2935 1705 2994 quoque
1721 2923 1785 2980 Ber·

961 3008 1071 3063 nerium
1088 3007 1169 3064 urbis
1183 3008 1381 3079 prepositum,
1399 3008 1445 3064 cui
1460 3023 1513 3078 pro
1534 3022 1594 3066 sure
1615 3011 1781 3069 sanctitatis

74 3094 366 3167 paremniacum,
376 3098 791 3169 tomumotisatmern,·merito
801 3097 906 3156 doletis
921 3088 945 3151 C
961 3094 1488 3167 meritosepulturaillaeoncessacst,
1500 3097 1783 3170 nultussepultusin·

79 3183 188 3241 merse
200 3183 376 3242 bisuntini.
392 3184 474 3251 Quod
491 3186 628 3243 ideoerat
644 3186 806 3243 mirabilius
825 3189 905 3244 etad

79 3270 247 3330 divinitatis
262 3271 376 3329 laudem
391 3273 602 3346 honorabilius,
620 3275 688 3346 quia
705 3276 754 3346 qui
775 3274 906 3346 aliquan-

78 3359 117 3417 do
133 3361 171 3416 ab
187 3361 296 3434 ineptis
310 3362 447 3419 etminus
472 3365 655 3434 sapientibus
679 3367 840 3421 subversor
865 3365 906 3421 le·

75 3461 147 3519 gum
161 3454 193 3505 et
209 3450 312 3521 patriae
329 3466 381 3523 pro
397 3451 582 3508 dissensione
599 3454 687 3523 regis,
705 3453 772 3524 quia
788 3452 904 3509 nolebat

76 3537 294 3595 communicare
314 3538 554 3597 destructoribus
577 3548 745 3598 sanctarum
764 3541 906 3600 constitu·

77 3625 313 3684 tionumdivinae
339 3627 421 3699 legis,
450 3629 664 3700 appellabatur,
696 3631 742 3687 bic
769 3645 844 3688 nunc
869 3631 906 3688 ab

76 3715 215 3772 omnibus
229 3715 258 3772 in
274 3732 426 3774 commune
439 3724 468 3774 et
485 3719 595 3787 absque
615 3719 798 3776 detractione
822 3723 906 3791 pater

77 3803 212 3860 civitatis
223 3808 253 3860 et
269 3806 381 3876 patriae,
400 3810 429 3861 et
444 3807 493 3877 qui
513 3821 568 3862 non
588 3806 712 3878 amplius
737 3808 906 3878 recuperari

78 3896 194 3964 posset,
210 3893 256 3948 vir
271 3893 397 3963 consilii,
414 3899 555 3952 moruset
566 3900 679 3952 scotum
692 3896 794 3953 domus
814 3895 908 3952 bomi-

79 3978 109 4034 ni
124 3980 383 4051 pronouciabatur,
398 3986 429 4037 ut
443 3981 569 4040 lacrimae
580 3987 610 4039 et
622 3983 749 4054 gemitus
760 3982 906 4041 dictorum

79 4066 169 4125 iidem
183 4073 317 4126 astruere
333 4070 493 4126 videretur.

117 4156 201 4229 (apr.
217 4161 242 4212 l.
259 4158 269 4228 l
285 4158 330 4214 Sic
344 4158 503 4215 deductum
520 4173 628 4230 eorpus
644 4173 659 4215 a
676 4158 743 4216 liliis
758 4162 787 4216 et
800 4161 836 4217 ab
852 4175 909 4217 om·

78 4244 109 4301 ni
124 4244 188 4302 iere
204 4246 311 4317 populo
325 4247 463 4317 civitatis,
481 4262 496 4303 a
517 4248 663 4304 canonicis
684 4251 909 4307 occurrentibus

79 4333 156 4391 inira
171 4335 381 4393 monasterium
393 4342 501 4394 sanetae
518 4337 613 4394 blariae
625 4338 781 4410 excipitur,
797 4344 826 4394 et
842 4343 907 4410 post

961 3183 1085 3254 venitur,
1094 3183 1425 3255 cumlocusilleducum,
1435 3185 1783 3257 marchionum,comitum

961 3271 1142 3342 aliorumque
1158 3287 1312 3344 procerum
1327 3274 1478 3344 sepultura
1494 3273 1615 3344 insignis
1627 3274 1779 3333 habeatur.

997 3360 1077 3432 (apr.
1095 3365 1121 3416 a.
1139 3361 1286 3433 >Expleta
1303 3362 1393 3432 igitur
1408 3361 1568 3433 sepultura,
1585 3362 1620 3419 ad
1631 3364 1782 3421 consolan-

960 3449 1015 3505 dos
1031 3451 1138 3506 iratres
1154 3451 1181 3504 in
1196 3450 1356 3521 capitulum
1374 3450 1452 3506 veuit
1468 3452 1626 3522 episeopus
1648 3466 1714 3508 eum
1735 3453 1785 3509 ab·

962 3538 1079 3595 batibus
1095 3543 1124 3594 et
1140 3538 1212 3595 clcri
1229 3539 1422 3610 primoribus;
1438 3543 1467 3594 et
1482 3554 1546 3594 cum
1563 3539 1661 3596 habita
1676 3544 1786 3598 tracta·

961 3626 1040 3682 tione
1056 3628 1091 3684 de
1106 3632 1200 3683 morte
1217 3627 1317 3698 patris,
1334 3627 1370 3684 ad
1394 3625 1559 3697 eligendum
1577 3642 1782 3686 successorem

961 3715 1098 3786 quiesset
1107 3716 1230 3773 idoneus
1248 3722 1512 3788 commonerentur,
1528 3718 1612 3788 cujus
1626 3716 1784 3789 protelatio

961 3804 1112 3875 religionis
1128 3808 1157 3860 et
1171 3805 1290 3862 bonoris
1304 3811 1382 3861 esset
1397 3804 1562 3875 diminutio,
1575 3806 1698 3863 maxime
1718 3821 1784 3864 eum

961 3898 1112 3949 constaret
1129 3893 1297 3949 defunctum
1315 3893 1490 3964 precepisse
1505 3899 1536 3950 ut
1550 3894 1597 3951 die
1616 3895 1718 3952 eodem
1741 3909 1786 3954 se·

963 3981 1089 4054 pulturae
1106 3997 1165 4039 suae
1181 3996 1334 4037 successor
1351 3982 1407 4036 sibi
1422 3981 1593 4052 eligeretur,
1607 3983 1642 4038 de
1653 3983 1784 4055 capitulo

962 4068 1786 4141 egressnsestepiscoposdausoportunumlocumlratrl·

964 4160 1027 4229 bus,
1046 4165 1079 4216 ut
1094 4161 1129 4214 de
1145 4164 1228 4230 patre
1244 4157 1298 4213 sibi
1314 4156 1509 4228 praeponendo
1525 4156 1663 4214 licentius
1687 4160 1723 4214 ab
1740 4159 1785 4216 eis

964 4253 1153 4305 tractaretur.
1172 4248 1207 4302 Et
1223 4260 1287 4302 cum
1303 4260 1404 4302 ornnes
1418 4246 1559 4317 exissent,
1573 4251 1603 4302 et
1627 4246 1666 4302 bii
1692 4245 1785 4304 solum

965 4338 1000 4393 ad
1015 4352 1088 4408 quos
1105 4336 1270 4409 pertinebat
1285 4334 1401 4406 electio,
1414 4335 1635 4406 remansissent,
1652 4339 1680 4392 et
1698 4342 1786 4394 terrae

80 4423 224 4495 exequias
247 4423 281 4480 de
298 4439 377 4480 more
392 4425 557 4482 celebratas
572 4426 658 4483 missa
674 4427 820 4496 generalis
842 4441 906 4482 oum
923 4447 950 4510 D
966 4426 1106 4498 prostrati
1121 4430 1138 4482 9
1152 4425 1289 4497 psalmos,
1306 4439 1372 4479 cum
1387 4423 1581 4494 orationibus,
1599 4438 1721 4494 quarum
1734 4423 1787 4481 ini·

80 4511 284 4569 oblationibus
313 4511 491 4570 celebratur·
523 4513 680 4570 bebinead
701 4515 907 4572 monasterium

78 4600 909 4674 sanctivitoniprocessiouirrgttur.precesserantautem

81 4687 331 4759 iratresep'usdem
343 4691 476 4761 caenobii,
491 4696 645 4762 postquam
665 4706 773 4763 eorpus
785 4692 877 4764 patris
893 4707 908 4749 a

82 4775 235 4833 canonicis
251 4783 420 4850 susceptum
435 4783 518 4837 estet
532 4779 615 4849 quasi
627 4785 740 4850 patrem
759 4779 909 4852 recepturi

82 4877 171 4935 quem
182 4866 464 4924 eternaliteressent
477 4868 616 4939 babituri,
630 4868 672 4924 sie
684 4882 715 4924 se
730 4868 908 4940 competenti

80 4965 166 5010 more
180 4953 405 5025 adornaverant,
422 4962 450 5013 et
467 4961 507 5012 ita
530 4960 678 5028 caverant,
704 4961 735 5014 ut
758 4958 909 5015 canonicis

80 5041 305 5113 egredientibus
317 5049 428 5117 portam
441 5047 532 5118 urbis,
546 5047 600 5119 ipsi
612 5047 641 5103 in
650 5048 908 5106 suosuburbiooc-

81 5138 249 5206 currerent,
266 5136 905 5209 etcorpusbonorecondebitosuscipientes,

81 5221 194 5279 eudem
207 5224 417 5282 comitantibus
432 5226 555 5282 cenobio
569 5226 721 5281 inferrent.
739 5226 808 5281 Post
830 5226 906 5297 quod

80 5323 99 5367 a
112 5312 262 5370 canonicis
278 5313 440 5373 discessum
451 5323 506 5386 est,
522 5321 552 5372 et
564 5331 579 5371 a
593 5317 660 5372 tiliis
675 5332 739 5388 quae
747 5315 828 5386 justa
839 5321 907 5374 sunt

81 5402 202 5476 corpori
213 5404 388 5476 propensius
398 5405 507 5463 exibita
519 5411 597 5464 sunt.
612 5408 653 5462 lta
665 5406 760 5462 omnia
772 5405 907 5463 ordinate

81 5494 112 5550 et
128 5492 296 5565 conposite
306 5495 525 5566 proveniebant,
543 5501 574 5553 ut
588 5496 682 5569 palam
694 5493 908 5553 dareturiutel·

967 4517 1037 4571 tium
1053 4518 1098 4571 est
1109 4514 1276 4583 :adsumas
1284 4513 1539 4584 soneteSpa'rites,
1542 4513 1788 4586 perscripseram

964 4602 1154 4663 immensitate
1165 4602 1285 4672 detenti,
1298 4601 1449 4659 radiatae
1466 4603 1583 4659 armine
1602 4601 1785 4675 congregati,

965 4693 1181 4762 decantassent,
1200 4691 1250 4747 ubi
1265 4693 1456 4761 assurgentes
1470 4689 1654 4760 resederunt,
1671 4690 1787 4762 etapri·

965 4777 1788 4850 oreammonitiessentutqucmidoneumjudicarenteli·

963 4876 1089 4942 gerent„
1116 4883 1148 4924 se
1170 4869 1194 4926 si
1215 4867 1349 4924 idoneum
1370 4871 1467 4924 nosset
1492 4865 1627 4936 electum,
1653 4871 1787 4937 paratum

964 4958 1103 5016 electioni
1119 4957 1278 5014 assentire:
1295 4969 1454 5026 assurgens
1469 4955 1787 5026 suprascriptuslrater

965 5049 1048 5106 bonae
1064 5047 1131 5105 vite
1146 5051 1174 5103 et
1191 5045 1353 5102 testimonii
1370 5049 1436 5100 ante
1448 5043 1667 5100 conversionem
1678 5049 1789 5115 etpost

963 5135 1192 5207 conversionem,
1210 5134 1311 5191 lldeles
1330 5132 1479 5190 orationes
1499 5134 1561 5186 toto
1578 5133 1735 5188 conventui
1750 5146 1789 5190 ex

963 5230 1046 5299 parte
1063 5225 1160 5281 domni
1176 5223 1291 5279 abbatis
1306 5222 1421 5278 liedulsr
1451 5219 1608 5293 peroravit.
1625 5220 1685 5292 (iol.
1713 5221 1788 5294 148.)

964 5317 1075 5383 Quibus
1087 5312 1321 5380 ammirantibus,
1338 5315 1368 5367 et
1385 5309 1591 5367 salutationem
1611 5308 1689 5367 illam
1706 5309 1788 5383 geni·

963 5406 1019 5462 bus
1034 5410 1122 5462 terrae
1138 5400 1258 5460 dellexis
1270 5403 1354 5471 grate
1367 5404 1396 5456 et
1411 5414 1477 5457 cum
1493 5397 1623 5456 lacrimis
1642 5397 1788 5472 excipien-

962 5495 1052 5566 tibus,
1069 5491 1118 5550 ille
1135 5490 1240 5561 adjecit
1252 5488 1374 5563 :jubere
1389 5489 1524 5548 domnum
1537 5489 1672 5548 abbatem
1681 5486 1789 5548 nodut-
