<?xml version="1.0" encoding="UTF-8"?>
<!DOCTYPE html PUBLIC "-//W3C//DTD XHTML 1.0 Transitional//EN"
    "http://www.w3.org/TR/xhtml1/DTD/xhtml1-transitional.dtd">
<html xmlns="http://www.w3.org/1999/xhtml" xml:lang="en" lang="en">
 <head>
  <title>
</title>
<meta http-equiv="Content-Type" content="text/html;charset=utf-8" />
  <meta name='ocr-system' content='tesseract 3.04.00' />
  <meta name='ocr-capabilities' content='ocr_page ocr_carea ocr_par ocr_line ocrx_word'/>
</head>
<body>
  <div class='ocr_page' id='page_1' title='image "./patrologiaecurs34unkngoog_0527.png"; bbox 0 0 3788 6000; ppageno 0'>
   <div class='ocr_carea' id='block_1_1' title="bbox 92 198 1795 299">
    <p class='ocr_par' dir='ltr' id='par_1_1' title="bbox 92 198 1795 299">
     <span class='ocr_line' id='line_1_1' title="bbox 92 198 1795 299; baseline -0.009 0"><span class='ocrx_word' id='word_1_1' title='bbox 92 198 175 299; x_wconf 82' lang='lat' dir='ltr'>rura</span> <span class='ocrx_word' id='word_1_2' title='bbox 667 222 1213 294; x_wconf 73' lang='lat' dir='ltr'>nmanuaouuaauemnsrs</span> <span class='ocrx_word' id='word_1_3' title='bbox 1715 213 1795 284; x_wconf 79' lang='lat' dir='ltr'>lora</span> 
     </span>
    </p>
   </div>
   <div class='ocr_carea' id='block_1_2' title="bbox 88 349 1794 967">
    <p class='ocr_par' dir='ltr' id='par_1_2' title="bbox 88 349 1794 523">
     <span class='ocr_line' id='line_1_2' title="bbox 88 349 1794 441; baseline -0.009 -15"><span class='ocrx_word' id='word_1_4' title='bbox 88 365 209 441; x_wconf 87' lang='lat' dir='ltr'>injurias</span> <span class='ocrx_word' id='word_1_5' title='bbox 226 361 371 438; x_wconf 79' lang='lat' dir='ltr'>requievit</span> <span class='ocrx_word' id='word_1_6' title='bbox 388 360 415 421; x_wconf 93' lang='lat' dir='ltr'>io</span> <span class='ocrx_word' id='word_1_7' title='bbox 431 360 561 434; x_wconf 88' lang='lat' dir='ltr'>bomine,</span> <span class='ocrx_word' id='word_1_8' title='bbox 578 361 606 420; x_wconf 92' lang='lat' dir='ltr'>in</span> <span class='ocrx_word' id='word_1_9' title='bbox 624 360 736 436; x_wconf 87' lang='lat' dir='ltr'>[eadem</span> <span class='ocrx_word' id='word_1_10' title='bbox 750 359 807 433; x_wconf 84' lang='grc' dir='ltr'>Μ’]</span> <span class='ocrx_word' id='word_1_11' title='bbox 823 357 957 418; x_wconf 80' lang='lat' dir='ltr'>aeclesia</span> <span class='ocrx_word' id='word_1_12' title='bbox 967 356 1071 416; x_wconf 71' lang='lat' dir='ltr'>mocui</span> <span class='ocrx_word' id='word_1_13' title='bbox 1084 356 1252 432; x_wconf 77' lang='lat' dir='ltr'>presidebat</span> <span class='ocrx_word' id='word_1_14' title='bbox 1268 352 1418 431; x_wconf 68' lang='lat' dir='ltr'>sepultum</span> <span class='ocrx_word' id='word_1_15' title='bbox 1433 351 1479 413; x_wconf 94' lang='lat' dir='ltr'>vir</span> <span class='ocrx_word' id='word_1_16' title='bbox 1492 349 1623 428; x_wconf 77' lang='lat' dir='ltr'>adprime</span> <span class='ocrx_word' id='word_1_17' title='bbox 1638 349 1794 413; x_wconf 83' lang='lat' dir='ltr'>litteratus</span> 
     </span>
     <span class='ocr_line' id='line_1_3' title="bbox 88 447 1247 523; baseline -0.009 -10"><span class='ocrx_word' id='word_1_18' title='bbox 88 462 119 514; x_wconf 89' lang='lat' dir='ltr'>el</span> <span class='ocrx_word' id='word_1_19' title='bbox 135 455 164 512; x_wconf 93' lang='lat' dir='ltr'>in</span> <span class='ocrx_word' id='word_1_20' title='bbox 179 457 281 512; x_wconf 90' lang='lat' dir='ltr'>sancta</span> <span class='ocrx_word' id='word_1_21' title='bbox 296 451 519 509; x_wconf 87' lang='lat' dir='ltr'>conversatione</span> <span class='ocrx_word' id='word_1_22' title='bbox 535 466 628 523; x_wconf 87' lang='lat' dir='ltr'>usque</span> <span class='ocrx_word' id='word_1_23' title='bbox 645 452 680 508; x_wconf 90' lang='lat' dir='ltr'>ad</span> <span class='ocrx_word' id='word_1_24' title='bbox 696 450 826 509; x_wconf 76' lang='lat' dir='ltr'>ultimam</span> <span class='ocrx_word' id='word_1_25' title='bbox 842 451 959 507; x_wconf 73' lang='lat' dir='ltr'>aetatem</span> <span class='ocrx_word' id='word_1_26' title='bbox 974 447 1247 504; x_wconf 87' lang='lat' dir='ltr'>constantissimus.</span> 
     </span>
    </p>

    <p class='ocr_par' dir='ltr' id='par_1_3' title="bbox 89 529 1793 967">
     <span class='ocr_line' id='line_1_4' title="bbox 126 529 1792 612; baseline -0.008 -11"><span class='ocrx_word' id='word_1_27' title='bbox 126 543 240 601; x_wconf 90' lang='lat' dir='ltr'>suntin</span> <span class='ocrx_word' id='word_1_28' title='bbox 256 540 381 597; x_wconf 82' lang='lat' dir='ltr'>saxonia</span> <span class='ocrx_word' id='word_1_29' title='bbox 392 540 456 598; x_wconf 86' lang='lat' dir='ltr'>duae</span> <span class='ocrx_word' id='word_1_30' title='bbox 468 540 599 612; x_wconf 79' lang='lat' dir='ltr'>quaedam</span> <span class='ocrx_word' id='word_1_31' title='bbox 615 539 792 597; x_wconf 79' lang='lat' dir='ltr'>munitiones</span> <span class='ocrx_word' id='word_1_32' title='bbox 803 552 857 595; x_wconf 92' lang='lat' dir='ltr'>non</span> <span class='ocrx_word' id='word_1_33' title='bbox 870 537 956 608; x_wconf 73' lang='lat' dir='ltr'>longo</span> <span class='ocrx_word' id='word_1_34' title='bbox 966 532 1012 570; x_wconf 88' lang='grc' dir='ltr'>Μ’</span> <span class='ocrx_word' id='word_1_35' title='bbox 1024 550 1038 592; x_wconf 92' lang='lat' dir='ltr'>a</span> <span class='ocrx_word' id='word_1_36' title='bbox 1051 550 1082 594; x_wconf 89' lang='lat' dir='ltr'>se</span> <span class='ocrx_word' id='word_1_37' title='bbox 1094 534 1257 592; x_wconf 87' lang='lat' dir='ltr'>intersticio</span> <span class='ocrx_word' id='word_1_38' title='bbox 1271 538 1402 603; x_wconf 84' lang='lat' dir='ltr'>remotae,</span> <span class='ocrx_word' id='word_1_39' title='bbox 1420 545 1542 604; x_wconf 91' lang='lat' dir='ltr'>quarum</span> <span class='ocrx_word' id='word_1_40' title='bbox 1557 529 1701 588; x_wconf 87' lang='lat' dir='ltr'>vocabula</span> <span class='ocrx_word' id='word_1_41' title='bbox 1718 545 1792 588; x_wconf 87' lang='lat' dir='ltr'>nunc</span> 
     </span>
     <span class='ocr_line' id='line_1_5' title="bbox 90 619 1792 696; baseline -0.007 -6"><span class='ocrx_word' id='word_1_42' title='bbox 90 633 206 690; x_wconf 90' lang='lat' dir='ltr'>minime</span> <span class='ocrx_word' id='word_1_43' title='bbox 222 632 381 688; x_wconf 92' lang='lat' dir='ltr'>occurrunt</span> <span class='ocrx_word' id='word_1_44' title='bbox 398 628 555 686; x_wconf 78' lang='lat' dir='ltr'>memoriae.</span> <span class='ocrx_word' id='word_1_45' title='bbox 572 628 663 685; x_wconf 86' lang='lat' dir='ltr'>bledla</span> <span class='ocrx_word' id='word_1_46' title='bbox 679 629 740 686; x_wconf 88' lang='lat' dir='ltr'>iere</span> <span class='ocrx_word' id='word_1_47' title='bbox 755 632 839 686; x_wconf 88' lang='lat' dir='ltr'>nocte</span> <span class='ocrx_word' id='word_1_48' title='bbox 855 625 1011 684; x_wconf 86' lang='lat' dir='ltr'>videbatur</span> <span class='ocrx_word' id='word_1_49' title='bbox 1026 625 1179 696; x_wconf 88' lang='lat' dir='ltr'>utriusque</span> <span class='ocrx_word' id='word_1_50' title='bbox 1192 622 1306 681; x_wconf 79' lang='lat' dir='ltr'><strong>castelli</strong></span> <span class='ocrx_word' id='word_1_51' title='bbox 1323 622 1459 693; x_wconf 82' lang='lat' dir='ltr'>vigilibus</span> <span class='ocrx_word' id='word_1_52' title='bbox 1473 620 1529 692; x_wconf 96' lang='grc' dir='ltr'>Μ’,</span> <span class='ocrx_word' id='word_1_53' title='bbox 1544 635 1601 676; x_wconf 94' lang='lat' dir='ltr'>non</span> <span class='ocrx_word' id='word_1_54' title='bbox 1618 619 1792 691; x_wconf 76' lang='lat' dir='ltr'>imaginarie</span> 
     </span>
     <span class='ocr_line' id='line_1_6' title="bbox 90 708 1793 789; baseline -0.008 -10"><span class='ocrx_word' id='word_1_55' title='bbox 90 721 142 779; x_wconf 88' lang='lat' dir='ltr'>sed</span> <span class='ocrx_word' id='word_1_56' title='bbox 158 735 226 778; x_wconf 87' lang='lat' dir='ltr'>vere</span> <span class='ocrx_word' id='word_1_57' title='bbox 241 717 297 787; x_wconf 91' lang='grc' dir='ltr'>Μ’,</span> <span class='ocrx_word' id='word_1_58' title='bbox 313 732 436 789; x_wconf 90' lang='lat' dir='ltr'>persona</span> <span class='ocrx_word' id='word_1_59' title='bbox 450 717 506 773; x_wconf 91' lang='lat' dir='ltr'>viri</span> <span class='ocrx_word' id='word_1_60' title='bbox 518 733 533 774; x_wconf 90' lang='lat' dir='ltr'>a</span> <span class='ocrx_word' id='word_1_61' title='bbox 546 732 628 775; x_wconf 90' lang='lat' dir='ltr'>muro</span> <span class='ocrx_word' id='word_1_62' title='bbox 642 717 729 774; x_wconf 90' lang='lat' dir='ltr'>unius</span> <span class='ocrx_word' id='word_1_63' title='bbox 746 715 946 789; x_wconf 79' lang='lat' dir='ltr'>progrediens,</span> <span class='ocrx_word' id='word_1_64' title='bbox 958 718 987 771; x_wconf 91' lang='lat' dir='ltr'>et</span> <span class='ocrx_word' id='word_1_65' title='bbox 999 714 1034 770; x_wconf 93' lang='lat' dir='ltr'>ad</span> <span class='ocrx_word' id='word_1_66' title='bbox 1047 712 1171 770; x_wconf 89' lang='lat' dir='ltr'>alterum</span> <span class='ocrx_word' id='word_1_67' title='bbox 1189 727 1239 785; x_wconf 88' lang='lat' dir='ltr'>per</span> <span class='ocrx_word' id='word_1_68' title='bbox 1254 715 1347 768; x_wconf 92' lang='lat' dir='ltr'>totam</span> <span class='ocrx_word' id='word_1_69' title='bbox 1362 709 1456 782; x_wconf 89' lang='lat' dir='ltr'>campi</span> <span class='ocrx_word' id='word_1_70' title='bbox 1473 708 1676 780; x_wconf 85' lang='lat' dir='ltr'>interjacentis</span> <span class='ocrx_word' id='word_1_71' title='bbox 1692 708 1793 766; x_wconf 87' lang='lat' dir='ltr'>latitu-</span> 
     </span>
     <span class='ocr_line' id='line_1_7' title="bbox 90 795 1793 879; baseline -0.007 -13"><span class='ocrx_word' id='word_1_72' title='bbox 90 810 185 866; x_wconf 83' lang='lat' dir='ltr'>dinem</span> <span class='ocrx_word' id='word_1_73' title='bbox 207 805 376 879; x_wconf 73' lang='lat' dir='ltr'>procedens,</span> <span class='ocrx_word' id='word_1_74' title='bbox 399 808 462 861; x_wconf 87' lang='lat' dir='ltr'>toio</span> <span class='ocrx_word' id='word_1_75' title='bbox 482 820 606 878; x_wconf 90' lang='lat' dir='ltr'>corpere</span> <span class='ocrx_word' id='word_1_76' title='bbox 621 805 649 861; x_wconf 93' lang='lat' dir='ltr'>in</span> <span class='ocrx_word' id='word_1_77' title='bbox 666 804 780 862; x_wconf 90' lang='lat' dir='ltr'>modurn</span> <span class='ocrx_word' id='word_1_78' title='bbox 802 802 904 860; x_wconf 81' lang='lat' dir='ltr'>facula</span> <span class='ocrx_word' id='word_1_79' title='bbox 919 800 965 860; x_wconf 88' lang='lat' dir='ltr'>vei</span> <span class='ocrx_word' id='word_1_80' title='bbox 982 815 1082 858; x_wconf 84' lang='lat' dir='ltr'>massae</span> <span class='ocrx_word' id='word_1_81' title='bbox 1101 800 1254 858; x_wconf 85' lang='lat' dir='ltr'>candentis</span> <span class='ocrx_word' id='word_1_82' title='bbox 1267 798 1314 834; x_wconf 89' lang='grc' dir='ltr'>Μ’</span> <span class='ocrx_word' id='word_1_83' title='bbox 1329 797 1483 869; x_wconf 86' lang='lat' dir='ltr'>exardens,</span> <span class='ocrx_word' id='word_1_84' title='bbox 1506 812 1570 869; x_wconf 78' lang='lat' dir='ltr'>quae</span> <span class='ocrx_word' id='word_1_85' title='bbox 1588 795 1678 854; x_wconf 82' lang='lat' dir='ltr'>etiam</span> <span class='ocrx_word' id='word_1_86' title='bbox 1701 811 1793 869; x_wconf 85' lang='lat' dir='ltr'>prope</span> 
     </span>
     <span class='ocr_line' id='line_1_8' title="bbox 89 885 1632 967; baseline -0.008 -12"><span class='ocrx_word' id='word_1_87' title='bbox 89 894 244 956; x_wconf 89' lang='lat' dir='ltr'>castellum</span> <span class='ocrx_word' id='word_1_88' title='bbox 260 893 426 967; x_wconf 90' lang='lat' dir='ltr'>oppositum</span> <span class='ocrx_word' id='word_1_89' title='bbox 443 892 597 967; x_wconf 80' lang='lat' dir='ltr'>disparuit.</span> <span class='ocrx_word' id='word_1_90' title='bbox 615 895 682 951; x_wconf 82' lang='lat' dir='ltr'>flac</span> <span class='ocrx_word' id='word_1_91' title='bbox 696 892 772 951; x_wconf 91' lang='lat' dir='ltr'>visio</span> <span class='ocrx_word' id='word_1_92' title='bbox 786 907 841 950; x_wconf 93' lang='lat' dir='ltr'>nen</span> <span class='ocrx_word' id='word_1_93' title='bbox 858 888 958 962; x_wconf 90' lang='lat' dir='ltr'>semel,</span> <span class='ocrx_word' id='word_1_94' title='bbox 974 889 1024 948; x_wconf 90' lang='lat' dir='ltr'>sed</span> <span class='ocrx_word' id='word_1_95' title='bbox 1041 888 1086 946; x_wconf 91' lang='lat' dir='ltr'>bis</span> <span class='ocrx_word' id='word_1_96' title='bbox 1100 889 1147 948; x_wconf 90' lang='lat' dir='ltr'>vel</span> <span class='ocrx_word' id='word_1_97' title='bbox 1162 888 1257 948; x_wconf 90' lang='lat' dir='ltr'>tercio</span> <span class='ocrx_word' id='word_1_98' title='bbox 1273 886 1410 946; x_wconf 91' lang='lat' dir='ltr'>similiter</span> <span class='ocrx_word' id='word_1_99' title='bbox 1423 885 1469 920; x_wconf 90' lang='grc' dir='ltr'>Μ’</span> <span class='ocrx_word' id='word_1_100' title='bbox 1485 885 1632 960; x_wconf 88' lang='lat' dir='ltr'>apparuit.</span> 
     </span>
    </p>
   </div>
   <div class='ocr_carea' id='block_1_3' title="bbox 835 1040 1045 1101">
    <p class='ocr_par' dir='ltr' id='par_1_4' title="bbox 835 1040 1045 1101">
     <span class='ocr_line' id='line_1_9' title="bbox 835 1040 1045 1101; baseline 0.019 -4"><span class='ocrx_word' id='word_1_101' title='bbox 835 1044 866 1097; x_wconf 82' lang='lat' dir='ltr'>A.</span> <span class='ocrx_word' id='word_1_102' title='bbox 880 1042 912 1098; x_wconf 89' lang='lat' dir='ltr'>b.</span> <span class='ocrx_word' id='word_1_103' title='bbox 929 1040 1045 1101; x_wconf 76' lang='lat' dir='ltr'>bcxxt</span> 
     </span>
    </p>
   </div>
   <div class='ocr_carea' id='block_1_4' title="bbox 89 1185 1797 4538">
    <p class='ocr_par' dir='ltr' id='par_1_5' title="bbox 89 1185 1792 2148">
     <span class='ocr_line' id='line_1_10' title="bbox 126 1185 1792 1264; baseline -0.003 -17"><span class='ocrx_word' id='word_1_104' title='bbox 126 1193 254 1248; x_wconf 87' lang='lat' dir='ltr'>bonnus</span> <span class='ocrx_word' id='word_1_105' title='bbox 277 1190 448 1248; x_wconf 85' lang='lat' dir='ltr'>Tbidericus</span> <span class='ocrx_word' id='word_1_106' title='bbox 460 1191 517 1263; x_wconf 86' lang='grc' dir='ltr'>Μ’,</span> <span class='ocrx_word' id='word_1_107' title='bbox 535 1192 584 1264; x_wconf 87' lang='lat' dir='ltr'>qui</span> <span class='ocrx_word' id='word_1_108' title='bbox 600 1191 749 1249; x_wconf 80' lang='lat' dir='ltr'>Burluardo</span> <span class='ocrx_word' id='word_1_109' title='bbox 763 1191 809 1226; x_wconf 80' lang='grc' dir='ltr'>Μ’</span> <span class='ocrx_word' id='word_1_110' title='bbox 824 1192 909 1264; x_wconf 79' lang='lat' dir='ltr'>Rufe,</span> <span class='ocrx_word' id='word_1_111' title='bbox 930 1191 1038 1250; x_wconf 90' lang='lat' dir='ltr'>dudum</span> <span class='ocrx_word' id='word_1_112' title='bbox 1054 1191 1082 1248; x_wconf 96' lang='lat' dir='ltr'>in</span> <span class='ocrx_word' id='word_1_113' title='bbox 1097 1189 1242 1262; x_wconf 77' lang='lat' dir='ltr'>legatione</span> <span class='ocrx_word' id='word_1_114' title='bbox 1261 1189 1388 1247; x_wconf 89' lang='lat' dir='ltr'>lleinrioi</span> <span class='ocrx_word' id='word_1_115' title='bbox 1408 1187 1595 1262; x_wconf 90' lang='lat' dir='ltr'>imperatoris</span> <span class='ocrx_word' id='word_1_116' title='bbox 1616 1185 1697 1261; x_wconf 89' lang='lat' dir='ltr'>apud</span> <span class='ocrx_word' id='word_1_117' title='bbox 1725 1187 1792 1243; x_wconf 83' lang='lat' dir='ltr'>Ceo·</span> 
     </span>
     <span class='ocr_line' id='line_1_11' title="bbox 92 1278 1792 1353; baseline -0.003 -16"><span class='ocrx_word' id='word_1_118' title='bbox 92 1280 313 1352; x_wconf 90' lang='lat' dir='ltr'>stantinopolim</span> <span class='ocrx_word' id='word_1_119' title='bbox 330 1280 478 1352; x_wconf 78' lang='lat' dir='ltr'>defuncto,</span> <span class='ocrx_word' id='word_1_120' title='bbox 496 1296 549 1353; x_wconf 91' lang='lat' dir='ltr'>per</span> <span class='ocrx_word' id='word_1_121' title='bbox 563 1281 736 1339; x_wconf 78' lang='lat' dir='ltr'>electionem</span> <span class='ocrx_word' id='word_1_122' title='bbox 752 1280 991 1340; x_wconf 80' lang='lat' dir='ltr'>aecclesiasticam</span> <span class='ocrx_word' id='word_1_123' title='bbox 1008 1282 1036 1338; x_wconf 93' lang='lat' dir='ltr'>in</span> <span class='ocrx_word' id='word_1_124' title='bbox 1051 1281 1220 1338; x_wconf 81' lang='lat' dir='ltr'>cathedram</span> <span class='ocrx_word' id='word_1_125' title='bbox 1236 1280 1283 1314; x_wconf 86' lang='grc' dir='ltr'>Μ’</span> <span class='ocrx_word' id='word_1_126' title='bbox 1294 1278 1550 1337; x_wconf 65' lang='lat' dir='ltr'>monasteriensem</span> <span class='ocrx_word' id='word_1_127' title='bbox 1565 1280 1792 1344; x_wconf 86' lang='lat' dir='ltr'>successerat‚a</span> 
     </span>
     <span class='ocr_line' id='line_1_12' title="bbox 90 1363 1792 1442; baseline -0.004 -16"><span class='ocrx_word' id='word_1_128' title='bbox 90 1369 153 1426; x_wconf 86' lang='lat' dir='ltr'>suis</span> <span class='ocrx_word' id='word_1_129' title='bbox 169 1369 286 1439; x_wconf 83' lang='lat' dir='ltr'>indigne</span> <span class='ocrx_word' id='word_1_130' title='bbox 305 1372 462 1440; x_wconf 87' lang='lat' dir='ltr'>tractatus,</span> <span class='ocrx_word' id='word_1_131' title='bbox 480 1369 630 1427; x_wconf 82' lang='lat' dir='ltr'>saxonicis</span> <span class='ocrx_word' id='word_1_132' title='bbox 645 1369 827 1442; x_wconf 90' lang='lat' dir='ltr'>principibus</span> <span class='ocrx_word' id='word_1_133' title='bbox 843 1369 1052 1440; x_wconf 88' lang='lat' dir='ltr'>querimoniam</span> <span class='ocrx_word' id='word_1_134' title='bbox 1069 1369 1239 1440; x_wconf 81' lang='lat' dir='ltr'>injuriarum</span> <span class='ocrx_word' id='word_1_135' title='bbox 1260 1383 1376 1426; x_wconf 90' lang='lat' dir='ltr'>suarum</span> <span class='ocrx_word' id='word_1_136' title='bbox 1397 1366 1519 1433; x_wconf 88' lang='lat' dir='ltr'>detulit;</span> <span class='ocrx_word' id='word_1_137' title='bbox 1539 1370 1567 1423; x_wconf 91' lang='lat' dir='ltr'>et</span> <span class='ocrx_word' id='word_1_138' title='bbox 1584 1366 1652 1438; x_wconf 90' lang='lat' dir='ltr'>quia</span> <span class='ocrx_word' id='word_1_139' title='bbox 1668 1365 1717 1421; x_wconf 91' lang='lat' dir='ltr'>vir</span> <span class='ocrx_word' id='word_1_140' title='bbox 1732 1363 1792 1420; x_wconf 93' lang='lat' dir='ltr'>illu·</span> 
     </span>
     <span class='ocr_line' id='line_1_13' title="bbox 91 1453 1791 1531; baseline -0.005 -14"><span class='ocrx_word' id='word_1_141' title='bbox 91 1459 162 1517; x_wconf 90' lang='lat' dir='ltr'>stris</span> <span class='ocrx_word' id='word_1_142' title='bbox 178 1466 246 1515; x_wconf 88' lang='lat' dir='ltr'>natu</span> <span class='ocrx_word' id='word_1_143' title='bbox 262 1464 290 1516; x_wconf 88' lang='lat' dir='ltr'>cl</span> <span class='ocrx_word' id='word_1_144' title='bbox 307 1458 469 1516; x_wconf 90' lang='lat' dir='ltr'>virtutibus</span> <span class='ocrx_word' id='word_1_145' title='bbox 484 1460 612 1517; x_wconf 89' lang='lat' dir='ltr'>famosus</span> <span class='ocrx_word' id='word_1_146' title='bbox 625 1460 735 1530; x_wconf 88' lang='lat' dir='ltr'>extitit,</span> <span class='ocrx_word' id='word_1_147' title='bbox 753 1474 804 1531; x_wconf 92' lang='lat' dir='ltr'>per</span> <span class='ocrx_word' id='word_1_148' title='bbox 820 1457 986 1517; x_wconf 85' lang='lat' dir='ltr'>Lotbarium</span> <span class='ocrx_word' id='word_1_149' title='bbox 1002 1457 1105 1515; x_wconf 91' lang='lat' dir='ltr'>ducem</span> <span class='ocrx_word' id='word_1_150' title='bbox 1119 1460 1298 1528; x_wconf 77' lang='lat' dir='ltr'>congregato</span> <span class='ocrx_word' id='word_1_151' title='bbox 1317 1455 1460 1526; x_wconf 88' lang='lat' dir='ltr'>exercitu,</span> <span class='ocrx_word' id='word_1_152' title='bbox 1482 1454 1580 1511; x_wconf 91' lang='lat' dir='ltr'>sedem</span> <span class='ocrx_word' id='word_1_153' title='bbox 1601 1468 1686 1511; x_wconf 92' lang='lat' dir='ltr'>suam</span> <span class='ocrx_word' id='word_1_154' title='bbox 1706 1453 1791 1510; x_wconf 90' lang='lat' dir='ltr'>etiam</span> 
     </span>
     <span class='ocr_line' id='line_1_14' title="bbox 91 1541 1792 1620; baseline -0.005 -15"><span class='ocrx_word' id='word_1_155' title='bbox 91 1554 195 1606; x_wconf 90' lang='lat' dir='ltr'>contra</span> <span class='ocrx_word' id='word_1_156' title='bbox 217 1547 294 1618; x_wconf 81' lang='lat' dir='ltr'>regis</span> <span class='ocrx_word' id='word_1_157' title='bbox 314 1547 495 1605; x_wconf 89' lang='lat' dir='ltr'>voluntatem</span> <span class='ocrx_word' id='word_1_158' title='bbox 517 1549 646 1620; x_wconf 88' lang='lat' dir='ltr'>repetiit.</span> <span class='ocrx_word' id='word_1_159' title='bbox 669 1549 797 1619; x_wconf 80' lang='lat' dir='ltr'>contigit</span> <span class='ocrx_word' id='word_1_160' title='bbox 817 1554 913 1605; x_wconf 91' lang='lat' dir='ltr'>autem</span> <span class='ocrx_word' id='word_1_161' title='bbox 934 1546 1050 1604; x_wconf 91' lang='lat' dir='ltr'>occulto</span> <span class='ocrx_word' id='word_1_162' title='bbox 1066 1547 1112 1580; x_wconf 88' lang='grc' dir='ltr'>Μ’</span> <span class='ocrx_word' id='word_1_163' title='bbox 1127 1547 1176 1603; x_wconf 80' lang='lat' dir='ltr'>liei</span> <span class='ocrx_word' id='word_1_164' title='bbox 1195 1546 1317 1617; x_wconf 83' lang='lat' dir='ltr'>judicio,</span> <span class='ocrx_word' id='word_1_165' title='bbox 1334 1545 1401 1602; x_wconf 93' lang='lat' dir='ltr'>dum</span> <span class='ocrx_word' id='word_1_166' title='bbox 1418 1543 1549 1601; x_wconf 91' lang='lat' dir='ltr'>inimicas</span> <span class='ocrx_word' id='word_1_167' title='bbox 1569 1544 1648 1601; x_wconf 85' lang='lat' dir='ltr'>acies</span> <span class='ocrx_word' id='word_1_168' title='bbox 1665 1541 1792 1600; x_wconf 87' lang='lat' dir='ltr'>videndo</span> 
     </span>
     <span class='ocr_line' id='line_1_15' title="bbox 89 1631 1790 1708; baseline -0.005 -15"><span class='ocrx_word' id='word_1_169' title='bbox 89 1637 169 1694; x_wconf 91' lang='lat' dir='ltr'>cives</span> <span class='ocrx_word' id='word_1_170' title='bbox 185 1639 369 1693; x_wconf 88' lang='lat' dir='ltr'>terrerentur</span> <span class='ocrx_word' id='word_1_171' title='bbox 384 1651 418 1692; x_wconf 89' lang='lat' dir='ltr'>ac</span> <span class='ocrx_word' id='word_1_172' title='bbox 435 1651 486 1708; x_wconf 93' lang='lat' dir='ltr'>pre</span> <span class='ocrx_word' id='word_1_173' title='bbox 502 1635 662 1693; x_wconf 88' lang='lat' dir='ltr'>imminenti</span> <span class='ocrx_word' id='word_1_174' title='bbox 683 1636 813 1708; x_wconf 91' lang='lat' dir='ltr'>periculo</span> <span class='ocrx_word' id='word_1_175' title='bbox 834 1634 940 1705; x_wconf 82' lang='lat' dir='ltr'>singuli</span> <span class='ocrx_word' id='word_1_176' title='bbox 959 1649 1011 1692; x_wconf 87' lang='lat' dir='ltr'>sua</span> <span class='ocrx_word' id='word_1_177' title='bbox 1026 1634 1073 1668; x_wconf 83' lang='grc' dir='ltr'>Μ’</span> <span class='ocrx_word' id='word_1_178' title='bbox 1089 1635 1270 1705; x_wconf 86' lang='lat' dir='ltr'>molirentur,</span> <span class='ocrx_word' id='word_1_179' title='bbox 1286 1649 1370 1691; x_wconf 87' lang='lat' dir='ltr'>casas</span> <span class='ocrx_word' id='word_1_180' title='bbox 1383 1633 1496 1704; x_wconf 90' lang='lat' dir='ltr'>aliquas</span> <span class='ocrx_word' id='word_1_181' title='bbox 1513 1633 1628 1689; x_wconf 90' lang='lat' dir='ltr'>incaute</span> <span class='ocrx_word' id='word_1_182' title='bbox 1642 1631 1790 1701; x_wconf 85' lang='lat' dir='ltr'>succendi,</span> 
     </span>
     <span class='ocr_line' id='line_1_16' title="bbox 91 1720 1792 1797; baseline -0.002 -17"><span class='ocrx_word' id='word_1_183' title='bbox 91 1723 290 1797; x_wconf 82' lang='lat' dir='ltr'>paulatimque</span> <span class='ocrx_word' id='word_1_184' title='bbox 304 1723 472 1780; x_wconf 90' lang='lat' dir='ltr'>dominante</span> <span class='ocrx_word' id='word_1_185' title='bbox 485 1724 598 1779; x_wconf 88' lang='lat' dir='ltr'>llamrna</span> <span class='ocrx_word' id='word_1_186' title='bbox 615 1725 702 1782; x_wconf 89' lang='lat' dir='ltr'>etiam</span> <span class='ocrx_word' id='word_1_187' title='bbox 718 1724 866 1781; x_wconf 85' lang='lat' dir='ltr'>basilicam</span> <span class='ocrx_word' id='word_1_188' title='bbox 884 1722 1031 1794; x_wconf 84' lang='lat' dir='ltr'>majorem,</span> <span class='ocrx_word' id='word_1_189' title='bbox 1048 1739 1112 1794; x_wconf 79' lang='lat' dir='ltr'>quae</span> <span class='ocrx_word' id='word_1_190' title='bbox 1127 1724 1213 1780; x_wconf 89' lang='lat' dir='ltr'>sedes</span> <span class='ocrx_word' id='word_1_191' title='bbox 1227 1723 1307 1780; x_wconf 92' lang='lat' dir='ltr'>illius</span> <span class='ocrx_word' id='word_1_192' title='bbox 1323 1726 1386 1780; x_wconf 89' lang='lat' dir='ltr'>erat</span> <span class='ocrx_word' id='word_1_193' title='bbox 1401 1721 1551 1791; x_wconf 83' lang='lat' dir='ltr'>aeoelcsiae,</span> <span class='ocrx_word' id='word_1_194' title='bbox 1570 1720 1705 1777; x_wconf 83' lang='lat' dir='ltr'>funditus</span> <span class='ocrx_word' id='word_1_195' title='bbox 1720 1735 1792 1777; x_wconf 89' lang='lat' dir='ltr'>com·</span> 
     </span>
     <span class='ocr_line' id='line_1_17' title="bbox 94 1808 1790 1884; baseline -0.003 -16"><span class='ocrx_word' id='word_1_196' title='bbox 94 1812 158 1869; x_wconf 93' lang='lat' dir='ltr'>buri</span> <span class='ocrx_word' id='word_1_197' title='bbox 171 1811 227 1866; x_wconf 88' lang='grc' dir='ltr'>Μ’.</span> <span class='ocrx_word' id='word_1_198' title='bbox 246 1812 292 1868; x_wconf 89' lang='lat' dir='ltr'>Sic</span> <span class='ocrx_word' id='word_1_199' title='bbox 303 1825 418 1883; x_wconf 89' lang='lat' dir='ltr'>queque</span> <span class='ocrx_word' id='word_1_200' title='bbox 430 1811 590 1869; x_wconf 83' lang='lat' dir='ltr'>miserabili</span> <span class='ocrx_word' id='word_1_201' title='bbox 600 1812 686 1884; x_wconf 88' lang='lat' dir='ltr'>potiti</span> <span class='ocrx_word' id='word_1_202' title='bbox 700 1812 834 1883; x_wconf 87' lang='lat' dir='ltr'>victorio,</span> <span class='ocrx_word' id='word_1_203' title='bbox 853 1811 1016 1884; x_wconf 85' lang='lat' dir='ltr'>pontificem</span> <span class='ocrx_word' id='word_1_204' title='bbox 1030 1811 1143 1884; x_wconf 92' lang='lat' dir='ltr'>pulsum</span> <span class='ocrx_word' id='word_1_205' title='bbox 1156 1812 1327 1883; x_wconf 89' lang='lat' dir='ltr'>restituunt,</span> <span class='ocrx_word' id='word_1_206' title='bbox 1344 1810 1462 1869; x_wconf 88' lang='lat' dir='ltr'>multam</span> <span class='ocrx_word' id='word_1_207' title='bbox 1474 1818 1570 1867; x_wconf 85' lang='lat' dir='ltr'>autem</span> <span class='ocrx_word' id='word_1_208' title='bbox 1580 1809 1628 1842; x_wconf 88' lang='grc' dir='ltr'>Μ’</span> <span class='ocrx_word' id='word_1_209' title='bbox 1638 1808 1790 1881; x_wconf 87' lang='lat' dir='ltr'>pecuniam</span> 
     </span>
     <span class='ocr_line' id='line_1_18' title="bbox 92 1894 1790 1972; baseline -0.004 -14"><span class='ocrx_word' id='word_1_210' title='bbox 92 1900 128 1958; x_wconf 90' lang='lat' dir='ltr'>ad</span> <span class='ocrx_word' id='word_1_211' title='bbox 144 1900 389 1958; x_wconf 87' lang='lat' dir='ltr'>restaurationem</span> <span class='ocrx_word' id='word_1_212' title='bbox 404 1899 546 1958; x_wconf 75' lang='lat' dir='ltr'>aecclesiae</span> <span class='ocrx_word' id='word_1_213' title='bbox 561 1901 731 1966; x_wconf 86' lang='lat' dir='ltr'>conferunt;</span> <span class='ocrx_word' id='word_1_214' title='bbox 747 1900 977 1972; x_wconf 87' lang='lat' dir='ltr'>interpretantes</span> <span class='ocrx_word' id='word_1_215' title='bbox 990 1900 1121 1958; x_wconf 93' lang='lat' dir='ltr'>nonnulli</span> <span class='ocrx_word' id='word_1_216' title='bbox 1136 1914 1253 1957; x_wconf 91' lang='lat' dir='ltr'>causam</span> <span class='ocrx_word' id='word_1_217' title='bbox 1269 1899 1343 1955; x_wconf 87' lang='lat' dir='ltr'>tanti</span> <span class='ocrx_word' id='word_1_218' title='bbox 1358 1898 1463 1955; x_wconf 86' lang='lat' dir='ltr'>excidii</span> <span class='ocrx_word' id='word_1_219' title='bbox 1480 1912 1534 1954; x_wconf 93' lang='lat' dir='ltr'>non</span> <span class='ocrx_word' id='word_1_220' title='bbox 1550 1912 1626 1967; x_wconf 88' lang='lat' dir='ltr'>esse,</span> <span class='ocrx_word' id='word_1_221' title='bbox 1642 1897 1699 1955; x_wconf 83' lang='lat' dir='ltr'>nisa</span> <span class='ocrx_word' id='word_1_222' title='bbox 1718 1894 1790 1968; x_wconf 81' lang='lat' dir='ltr'>quaed</span> 
     </span>
     <span class='ocr_line' id='line_1_19' title="bbox 93 1986 1791 2061; baseline -0.004 -16"><span class='ocrx_word' id='word_1_223' title='bbox 93 1988 223 2045; x_wconf 90' lang='lat' dir='ltr'>defuncti</span> <span class='ocrx_word' id='word_1_224' title='bbox 234 1987 363 2060; x_wconf 90' lang='lat' dir='ltr'>presulis</span> <span class='ocrx_word' id='word_1_225' title='bbox 374 1987 516 2046; x_wconf 78' lang='lat' dir='ltr'>burkardi</span> <span class='ocrx_word' id='word_1_226' title='bbox 531 1986 587 2059; x_wconf 84' lang='grc' dir='ltr'>Μ’,</span> <span class='ocrx_word' id='word_1_227' title='bbox 603 1988 650 2059; x_wconf 94' lang='lat' dir='ltr'>qui</span> <span class='ocrx_word' id='word_1_228' title='bbox 665 1988 754 2046; x_wconf 89' lang='lat' dir='ltr'>multa</span> <span class='ocrx_word' id='word_1_229' title='bbox 767 1987 827 2044; x_wconf 89' lang='lat' dir='ltr'>illio</span> <span class='ocrx_word' id='word_1_230' title='bbox 838 2003 873 2044; x_wconf 92' lang='lat' dir='ltr'>ex</span> <span class='ocrx_word' id='word_1_231' title='bbox 886 1988 1041 2061; x_wconf 89' lang='lat' dir='ltr'>iniquitate</span> <span class='ocrx_word' id='word_1_232' title='bbox 1057 1992 1282 2060; x_wconf 89' lang='lat' dir='ltr'>comportasset,</span> <span class='ocrx_word' id='word_1_233' title='bbox 1296 1986 1408 2045; x_wconf 90' lang='lat' dir='ltr'>oblatio</span> <span class='ocrx_word' id='word_1_234' title='bbox 1419 1986 1656 2044; x_wconf 76' lang='lat' dir='ltr'>manifestaretur</span> <span class='ocrx_word' id='word_1_235' title='bbox 1668 1988 1729 2043; x_wconf 82' lang='lat' dir='ltr'>lieo</span> <span class='ocrx_word' id='word_1_236' title='bbox 1741 1998 1791 2040; x_wconf 90' lang='lat' dir='ltr'>non</span> 
     </span>
     <span class='ocr_line' id='line_1_20' title="bbox 93 2076 249 2148; baseline -0.006 -16"><span class='ocrx_word' id='word_1_237' title='bbox 93 2076 249 2148; x_wconf 86' lang='lat' dir='ltr'>placuisse.</span> 
     </span>
    </p>

    <p class='ocr_par' dir='ltr' id='par_1_6' title="bbox 91 2163 1792 2592">
     <span class='ocr_line' id='line_1_21' title="bbox 129 2163 1792 2237; baseline -0.002 -16"><span class='ocrx_word' id='word_1_238' title='bbox 129 2164 254 2222; x_wconf 82' lang='lat' dir='ltr'>Auditur</span> <span class='ocrx_word' id='word_1_239' title='bbox 268 2164 378 2220; x_wconf 86' lang='lat' dir='ltr'>interea</span> <span class='ocrx_word' id='word_1_240' title='bbox 394 2177 507 2220; x_wconf 91' lang='lat' dir='ltr'>necnon</span> <span class='ocrx_word' id='word_1_241' title='bbox 521 2168 551 2220; x_wconf 91' lang='lat' dir='ltr'>et</span> <span class='ocrx_word' id='word_1_242' title='bbox 565 2163 680 2221; x_wconf 90' lang='lat' dir='ltr'>nunciis</span> <span class='ocrx_word' id='word_1_243' title='bbox 692 2177 708 2220; x_wconf 91' lang='lat' dir='ltr'>a</span> <span class='ocrx_word' id='word_1_244' title='bbox 719 2165 807 2221; x_wconf 87' lang='lat' dir='ltr'>Roma</span> <span class='ocrx_word' id='word_1_245' title='bbox 822 2164 1009 2223; x_wconf 90' lang='lat' dir='ltr'>venientibus</span> <span class='ocrx_word' id='word_1_246' title='bbox 1025 2165 1214 2237; x_wconf 91' lang='lat' dir='ltr'>approbatur,</span> <span class='ocrx_word' id='word_1_247' title='bbox 1232 2164 1313 2222; x_wconf 93' lang='lat' dir='ltr'>illum</span> <span class='ocrx_word' id='word_1_248' title='bbox 1330 2164 1545 2237; x_wconf 86' lang='lat' dir='ltr'>pseudopapam</span> <span class='ocrx_word' id='word_1_249' title='bbox 1561 2163 1734 2234; x_wconf 79' lang='lat' dir='ltr'>burdinum,</span> <span class='ocrx_word' id='word_1_250' title='bbox 1752 2176 1792 2218; x_wconf 89' lang='lat' dir='ltr'>ca·</span> 
     </span>
     <span class='ocr_line' id='line_1_22' title="bbox 91 2251 1792 2325; baseline -0.003 -13"><span class='ocrx_word' id='word_1_251' title='bbox 91 2253 179 2312; x_wconf 89' lang='lat' dir='ltr'>stello</span> <span class='ocrx_word' id='word_1_252' title='bbox 189 2252 235 2289; x_wconf 87' lang='grc' dir='ltr'>Μ’</span> <span class='ocrx_word' id='word_1_253' title='bbox 247 2253 361 2323; x_wconf 81' lang='lat' dir='ltr'>Sutriae,</span> <span class='ocrx_word' id='word_1_254' title='bbox 380 2267 436 2324; x_wconf 90' lang='lat' dir='ltr'>quo</span> <span class='ocrx_word' id='word_1_255' title='bbox 454 2252 616 2309; x_wconf 89' lang='lat' dir='ltr'>miserrimo</span> <span class='ocrx_word' id='word_1_256' title='bbox 628 2268 681 2309; x_wconf 89' lang='lat' dir='ltr'>sno</span> <span class='ocrx_word' id='word_1_257' title='bbox 694 2251 856 2309; x_wconf 87' lang='lat' dir='ltr'>inserviens</span> <span class='ocrx_word' id='word_1_258' title='bbox 866 2252 961 2309; x_wconf 84' lang='lat' dir='ltr'>officio</span> <span class='ocrx_word' id='word_1_259' title='bbox 972 2253 1120 2310; x_wconf 85' lang='lat' dir='ltr'>residebat</span> <span class='ocrx_word' id='word_1_260' title='bbox 1134 2252 1191 2323; x_wconf 89' lang='grc' dir='ltr'>Μ’,</span> <span class='ocrx_word' id='word_1_261' title='bbox 1209 2269 1260 2325; x_wconf 92' lang='lat' dir='ltr'>per</span> <span class='ocrx_word' id='word_1_262' title='bbox 1274 2254 1392 2310; x_wconf 85' lang='lat' dir='ltr'>Romani</span> <span class='ocrx_word' id='word_1_263' title='bbox 1408 2253 1555 2310; x_wconf 92' lang='lat' dir='ltr'>exercitus</span> <span class='ocrx_word' id='word_1_264' title='bbox 1570 2251 1667 2310; x_wconf 91' lang='lat' dir='ltr'>zelum</span> <span class='ocrx_word' id='word_1_265' title='bbox 1684 2253 1792 2310; x_wconf 89' lang='lat' dir='ltr'>destru-</span> 
     </span>
     <span class='ocr_line' id='line_1_23' title="bbox 92 2339 1791 2415; baseline -0.004 -15"><span class='ocrx_word' id='word_1_266' title='bbox 92 2348 140 2401; x_wconf 92' lang='lat' dir='ltr'>cto</span> <span class='ocrx_word' id='word_1_267' title='bbox 156 2343 263 2415; x_wconf 70' lang='lat' dir='ltr'>(Apa),</span> <span class='ocrx_word' id='word_1_268' title='bbox 279 2344 408 2412; x_wconf 87' lang='lat' dir='ltr'>captum,</span> <span class='ocrx_word' id='word_1_269' title='bbox 428 2344 458 2396; x_wconf 90' lang='lat' dir='ltr'>et</span> <span class='ocrx_word' id='word_1_270' title='bbox 475 2343 543 2412; x_wconf 90' lang='lat' dir='ltr'>post</span> <span class='ocrx_word' id='word_1_271' title='bbox 566 2339 664 2413; x_wconf 90' lang='lat' dir='ltr'>plures</span> <span class='ocrx_word' id='word_1_272' title='bbox 679 2355 693 2396; x_wconf 93' lang='lat' dir='ltr'>a</span> <span class='ocrx_word' id='word_1_273' title='bbox 710 2341 798 2411; x_wconf 79' lang='lat' dir='ltr'>vulgo</span> <span class='ocrx_word' id='word_1_274' title='bbox 817 2341 873 2398; x_wconf 92' lang='lat' dir='ltr'>sibi</span> <span class='ocrx_word' id='word_1_275' title='bbox 893 2340 1085 2398; x_wconf 88' lang='lat' dir='ltr'>contumelias</span> <span class='ocrx_word' id='word_1_276' title='bbox 1100 2347 1130 2398; x_wconf 91' lang='lat' dir='ltr'>et</span> <span class='ocrx_word' id='word_1_277' title='bbox 1145 2341 1297 2400; x_wconf 90' lang='lat' dir='ltr'>illusiones</span> <span class='ocrx_word' id='word_1_278' title='bbox 1318 2342 1425 2413; x_wconf 87' lang='lat' dir='ltr'>illatas,</span> <span class='ocrx_word' id='word_1_279' title='bbox 1447 2341 1494 2396; x_wconf 85' lang='lat' dir='ltr'>vix</span> <span class='ocrx_word' id='word_1_280' title='bbox 1510 2355 1525 2396; x_wconf 93' lang='lat' dir='ltr'>a</span> <span class='ocrx_word' id='word_1_281' title='bbox 1542 2340 1677 2398; x_wconf 90' lang='lat' dir='ltr'>manibus</span> <span class='ocrx_word' id='word_1_282' title='bbox 1697 2355 1791 2398; x_wconf 89' lang='lat' dir='ltr'>eorum</span> 
     </span>
     <span class='ocr_line' id='line_1_24' title="bbox 92 2428 1792 2502; baseline -0.002 -14"><span class='ocrx_word' id='word_1_283' title='bbox 92 2432 198 2488; x_wconf 91' lang='lat' dir='ltr'>domno</span> <span class='ocrx_word' id='word_1_284' title='bbox 215 2429 376 2502; x_wconf 90' lang='lat' dir='ltr'>apostolico</span> <span class='ocrx_word' id='word_1_285' title='bbox 390 2428 472 2486; x_wconf 92' lang='lat' dir='ltr'>illum</span> <span class='ocrx_word' id='word_1_286' title='bbox 488 2429 641 2501; x_wconf 88' lang='lat' dir='ltr'>eripiente,</span> <span class='ocrx_word' id='word_1_287' title='bbox 655 2430 693 2487; x_wconf 94' lang='lat' dir='ltr'>eb</span> <span class='ocrx_word' id='word_1_288' title='bbox 709 2430 849 2500; x_wconf 78' lang='lat' dir='ltr'>agendam</span> <span class='ocrx_word' id='word_1_289' title='bbox 864 2429 1064 2501; x_wconf 85' lang='lat' dir='ltr'>poenitenliam</span> <span class='ocrx_word' id='word_1_290' title='bbox 1078 2431 1167 2488; x_wconf 87' lang='lat' dir='ltr'>exilio</span> <span class='ocrx_word' id='word_1_291' title='bbox 1182 2431 1342 2501; x_wconf 78' lang='lat' dir='ltr'>relegatum</span> <span class='ocrx_word' id='word_1_292' title='bbox 1354 2429 1411 2486; x_wconf 91' lang='grc' dir='ltr'>Μ’.</span> <span class='ocrx_word' id='word_1_293' title='bbox 1429 2429 1502 2486; x_wconf 89' lang='lat' dir='ltr'>Sunt</span> <span class='ocrx_word' id='word_1_294' title='bbox 1516 2429 1605 2486; x_wconf 87' lang='lat' dir='ltr'>etiarn</span> <span class='ocrx_word' id='word_1_295' title='bbox 1623 2428 1673 2501; x_wconf 91' lang='lat' dir='ltr'>qui</span> <span class='ocrx_word' id='word_1_296' title='bbox 1688 2431 1792 2487; x_wconf 89' lang='lat' dir='ltr'>talibus</span> 
     </span>
     <span class='ocr_line' id='line_1_25' title="bbox 92 2516 1489 2592; baseline 0 -16"><span class='ocrx_word' id='word_1_297' title='bbox 92 2536 158 2576; x_wconf 90' lang='lat' dir='ltr'>curn</span> <span class='ocrx_word' id='word_1_298' title='bbox 174 2523 308 2576; x_wconf 88' lang='lat' dir='ltr'>asserant</span> <span class='ocrx_word' id='word_1_299' title='bbox 323 2518 537 2590; x_wconf 87' lang='lat' dir='ltr'>deprehensum</span> <span class='ocrx_word' id='word_1_300' title='bbox 553 2517 685 2587; x_wconf 83' lang='lat' dir='ltr'>flagiciis,</span> <span class='ocrx_word' id='word_1_301' title='bbox 703 2532 768 2587; x_wconf 86' lang='lat' dir='ltr'>quae</span> <span class='ocrx_word' id='word_1_302' title='bbox 784 2517 893 2574; x_wconf 89' lang='lat' dir='ltr'>nostris</span> <span class='ocrx_word' id='word_1_303' title='bbox 909 2516 1057 2587; x_wconf 75' lang='lat' dir='ltr'>iudignum</span> <span class='ocrx_word' id='word_1_304' title='bbox 1073 2518 1208 2576; x_wconf 85' lang='lat' dir='ltr'>duximus</span> <span class='ocrx_word' id='word_1_305' title='bbox 1223 2519 1340 2576; x_wconf 87' lang='lat' dir='ltr'>tradere</span> <span class='ocrx_word' id='word_1_306' title='bbox 1356 2520 1489 2592; x_wconf 89' lang='lat' dir='ltr'>scriptis.</span> 
     </span>
    </p>

    <p class='ocr_par' dir='ltr' id='par_1_7' title="bbox 92 2604 1797 4538">
     <span class='ocr_line' id='line_1_26' title="bbox 128 2604 1793 2680; baseline -0.001 -16"><span class='ocrx_word' id='word_1_307' title='bbox 128 2609 220 2678; x_wconf 80' lang='lat' dir='ltr'>igitur</span> <span class='ocrx_word' id='word_1_308' title='bbox 232 2607 384 2663; x_wconf 90' lang='lat' dir='ltr'>llcinricus</span> <span class='ocrx_word' id='word_1_309' title='bbox 397 2605 566 2677; x_wconf 87' lang='lat' dir='ltr'>imperator,</span> <span class='ocrx_word' id='word_1_310' title='bbox 580 2605 652 2660; x_wconf 91' lang='lat' dir='ltr'>inite</span> <span class='ocrx_word' id='word_1_311' title='bbox 664 2604 792 2661; x_wconf 90' lang='lat' dir='ltr'>fidelium</span> <span class='ocrx_word' id='word_1_312' title='bbox 804 2621 923 2663; x_wconf 90' lang='lat' dir='ltr'>suorum</span> <span class='ocrx_word' id='word_1_313' title='bbox 938 2607 1062 2665; x_wconf 91' lang='lat' dir='ltr'>consilio</span> <span class='ocrx_word' id='word_1_314' title='bbox 1078 2608 1184 2680; x_wconf 73' lang='lat' dir='ltr'>(fem),</span> <span class='ocrx_word' id='word_1_315' title='bbox 1202 2609 1328 2667; x_wconf 90' lang='lat' dir='ltr'>rebelles</span> <span class='ocrx_word' id='word_1_316' title='bbox 1339 2610 1394 2666; x_wconf 94' lang='lat' dir='ltr'>sibi</span> <span class='ocrx_word' id='word_1_317' title='bbox 1406 2611 1588 2680; x_wconf 80' lang='lat' dir='ltr'>Mogontinos</span> <span class='ocrx_word' id='word_1_318' title='bbox 1598 2609 1730 2680; x_wconf 76' lang='lat' dir='ltr'>affligere</span> <span class='ocrx_word' id='word_1_319' title='bbox 1743 2615 1793 2664; x_wconf 86' lang='lat' dir='ltr'>tra·</span> 
     </span>
     <span class='ocr_line' id='line_1_27' title="bbox 92 2693 1791 2770; baseline -0.001 -17"><span class='ocrx_word' id='word_1_320' title='bbox 92 2697 184 2753; x_wconf 87' lang='lat' dir='ltr'>elavit</span> <span class='ocrx_word' id='word_1_321' title='bbox 194 2694 256 2762; x_wconf 83' lang='grc'>””;</span> <span class='ocrx_word' id='word_1_322' title='bbox 273 2708 306 2750; x_wconf 92' lang='lat' dir='ltr'>ac</span> <span class='ocrx_word' id='word_1_323' title='bbox 322 2694 414 2766; x_wconf 89' lang='lat' dir='ltr'>primo</span> <span class='ocrx_word' id='word_1_324' title='bbox 426 2693 542 2750; x_wconf 90' lang='lat' dir='ltr'>navium</span> <span class='ocrx_word' id='word_1_325' title='bbox 553 2698 744 2750; x_wconf 89' lang='lat' dir='ltr'>commeatum</span> <span class='ocrx_word' id='word_1_326' title='bbox 756 2694 890 2751; x_wconf 91' lang='lat' dir='ltr'>omnibus</span> <span class='ocrx_word' id='word_1_327' title='bbox 901 2695 993 2752; x_wconf 89' lang='lat' dir='ltr'>modis</span> <span class='ocrx_word' id='word_1_328' title='bbox 1005 2696 1182 2768; x_wconf 88' lang='lat' dir='ltr'>interclusit,</span> <span class='ocrx_word' id='word_1_329' title='bbox 1199 2698 1303 2755; x_wconf 88' lang='lat' dir='ltr'>deinde</span> <span class='ocrx_word' id='word_1_330' title='bbox 1315 2698 1451 2770; x_wconf 89' lang='lat' dir='ltr'>presidiis</span> <span class='ocrx_word' id='word_1_331' title='bbox 1462 2698 1653 2756; x_wconf 91' lang='lat' dir='ltr'>circumcirca</span> <span class='ocrx_word' id='word_1_332' title='bbox 1666 2697 1791 2762; x_wconf 85' lang='lat' dir='ltr'>munitis,</span> 
     </span>
     <span class='ocr_line' id='line_1_28' title="bbox 93 2781 1793 2857; baseline 0 -15"><span class='ocrx_word' id='word_1_333' title='bbox 93 2782 259 2857; x_wconf 87' lang='lat' dir='ltr'>hujusmodi</span> <span class='ocrx_word' id='word_1_334' title='bbox 275 2782 390 2839; x_wconf 91' lang='lat' dir='ltr'>insidiis</span> <span class='ocrx_word' id='word_1_335' title='bbox 404 2781 549 2841; x_wconf 89' lang='lat' dir='ltr'>nundinas</span> <span class='ocrx_word' id='word_1_336' title='bbox 564 2781 625 2839; x_wconf 91' lang='lat' dir='ltr'>sive</span> <span class='ocrx_word' id='word_1_337' title='bbox 642 2786 788 2839; x_wconf 89' lang='lat' dir='ltr'>mercatus</span> <span class='ocrx_word' id='word_1_338' title='bbox 804 2782 865 2840; x_wconf 89' lang='lat' dir='ltr'>lieri</span> <span class='ocrx_word' id='word_1_339' title='bbox 883 2784 945 2840; x_wconf 91' lang='lat' dir='ltr'>sive</span> <span class='ocrx_word' id='word_1_340' title='bbox 960 2785 1115 2855; x_wconf 88' lang='lat' dir='ltr'>quicquam</span> <span class='ocrx_word' id='word_1_341' title='bbox 1131 2784 1301 2842; x_wconf 83' lang='lat' dir='ltr'>victualium</span> <span class='ocrx_word' id='word_1_342' title='bbox 1318 2787 1346 2842; x_wconf 95' lang='lat' dir='ltr'>in</span> <span class='ocrx_word' id='word_1_343' title='bbox 1363 2786 1511 2843; x_wconf 88' lang='lat' dir='ltr'>civitatem</span> <span class='ocrx_word' id='word_1_344' title='bbox 1528 2786 1634 2844; x_wconf 88' lang='lat' dir='ltr'>deferri</span> <span class='ocrx_word' id='word_1_345' title='bbox 1652 2785 1793 2848; x_wconf 86' lang='lat' dir='ltr'>inhibuit;</span> 
     </span>
     <span class='ocr_line' id='line_1_29' title="bbox 92 2868 1792 2946; baseline 0 -16"><span class='ocrx_word' id='word_1_346' title='bbox 92 2872 128 2931; x_wconf 91' lang='lat' dir='ltr'>ad</span> <span class='ocrx_word' id='word_1_347' title='bbox 144 2878 306 2928; x_wconf 88' lang='lat' dir='ltr'>extremum</span> <span class='ocrx_word' id='word_1_348' title='bbox 322 2886 391 2927; x_wconf 90' lang='lat' dir='ltr'>vero</span> <span class='ocrx_word' id='word_1_349' title='bbox 401 2868 448 2905; x_wconf 86' lang='grc' dir='ltr'>’Μ</span> <span class='ocrx_word' id='word_1_350' title='bbox 460 2870 487 2927; x_wconf 92' lang='lat' dir='ltr'>in</span> <span class='ocrx_word' id='word_1_351' title='bbox 498 2869 545 2906; x_wconf 90' lang='grc' dir='ltr'>Μ’</span> <span class='ocrx_word' id='word_1_352' title='bbox 555 2869 737 2927; x_wconf 90' lang='lat' dir='ltr'>obsidionem</span> <span class='ocrx_word' id='word_1_353' title='bbox 752 2870 881 2943; x_wconf 85' lang='lat' dir='ltr'>ejusdem</span> <span class='ocrx_word' id='word_1_354' title='bbox 897 2871 979 2929; x_wconf 92' lang='lat' dir='ltr'>urbis</span> <span class='ocrx_word' id='word_1_355' title='bbox 995 2871 1140 2944; x_wconf 87' lang='lat' dir='ltr'>publicam</span> <span class='ocrx_word' id='word_1_356' title='bbox 1156 2873 1372 2945; x_wconf 84' lang='lat' dir='ltr'>expeditionem</span> <span class='ocrx_word' id='word_1_357' title='bbox 1388 2875 1516 2946; x_wconf 88' lang='lat' dir='ltr'>undique</span> <span class='ocrx_word' id='word_1_358' title='bbox 1530 2874 1618 2932; x_wconf 91' lang='lat' dir='ltr'>indici</span> <span class='ocrx_word' id='word_1_359' title='bbox 1631 2875 1792 2932; x_wconf 90' lang='lat' dir='ltr'>constituit.</span> 
     </span>
     <span class='ocr_line' id='line_1_30' title="bbox 92 2958 1795 3035; baseline 0.001 -16"><span class='ocrx_word' id='word_1_360' title='bbox 92 2962 143 3019; x_wconf 88' lang='lat' dir='ltr'>llis</span> <span class='ocrx_word' id='word_1_361' title='bbox 155 2960 273 3031; x_wconf 89' lang='lat' dir='ltr'>auditis,</span> <span class='ocrx_word' id='word_1_362' title='bbox 286 2958 385 3032; x_wconf 89' lang='lat' dir='ltr'>presul</span> <span class='ocrx_word' id='word_1_363' title='bbox 398 2959 576 3018; x_wconf 83' lang='lat' dir='ltr'>ddalberlus</span> <span class='ocrx_word' id='word_1_364' title='bbox 588 2963 678 3016; x_wconf 89' lang='lat' dir='ltr'>totam</span> <span class='ocrx_word' id='word_1_365' title='bbox 691 2959 853 3031; x_wconf 84' lang='lat' dir='ltr'>saxoniam,</span> <span class='ocrx_word' id='word_1_366' title='bbox 871 2960 919 3017; x_wconf 92' lang='lat' dir='ltr'>ubi</span> <span class='ocrx_word' id='word_1_367' title='bbox 935 2962 1006 3018; x_wconf 92' lang='lat' dir='ltr'>tunc</span> <span class='ocrx_word' id='word_1_368' title='bbox 1022 2963 1167 3032; x_wconf 86' lang='lat' dir='ltr'>manebat,</span> <span class='ocrx_word' id='word_1_369' title='bbox 1183 2966 1346 3020; x_wconf 85' lang='lat' dir='ltr'>commovet</span> <span class='ocrx_word' id='word_1_370' title='bbox 1357 2961 1414 3034; x_wconf 80' lang='grc' dir='ltr'>Μ’,</span> <span class='ocrx_word' id='word_1_371' title='bbox 1425 2969 1455 3020; x_wconf 87' lang='lat' dir='ltr'>el</span> <span class='ocrx_word' id='word_1_372' title='bbox 1467 2964 1533 3035; x_wconf 93' lang='lat' dir='ltr'>quia</span> <span class='ocrx_word' id='word_1_373' title='bbox 1545 2963 1721 3035; x_wconf 71' lang='lat' dir='ltr'>legationem</span> <span class='ocrx_word' id='word_1_374' title='bbox 1733 2977 1795 3035; x_wconf 83' lang='lat' dir='ltr'>apo</span> 
     </span>
     <span class='ocr_line' id='line_1_31' title="bbox 92 3046 1796 3124; baseline -0.001 -17"><span class='ocrx_word' id='word_1_375' title='bbox 92 3049 226 3107; x_wconf 88' lang='lat' dir='ltr'>stolicam</span> <span class='ocrx_word' id='word_1_376' title='bbox 237 3050 273 3107; x_wconf 88' lang='lat' dir='ltr'>ab</span> <span class='ocrx_word' id='word_1_377' title='bbox 286 3048 350 3120; x_wconf 91' lang='lat' dir='ltr'>ipse</span> <span class='ocrx_word' id='word_1_378' title='bbox 361 3062 434 3120; x_wconf 91' lang='lat' dir='ltr'>papa</span> <span class='ocrx_word' id='word_1_379' title='bbox 446 3048 554 3106; x_wconf 91' lang='lat' dir='ltr'>dudum</span> <span class='ocrx_word' id='word_1_380' title='bbox 567 3052 732 3120; x_wconf 87' lang='lat' dir='ltr'>acceperat,</span> <span class='ocrx_word' id='word_1_381' title='bbox 749 3047 802 3103; x_wconf 90' lang='lat' dir='ltr'>bac</span> <span class='ocrx_word' id='word_1_382' title='bbox 815 3046 990 3104; x_wconf 90' lang='lat' dir='ltr'>auctoritate</span> <span class='ocrx_word' id='word_1_383' title='bbox 1007 3048 1161 3120; x_wconf 88' lang='lat' dir='ltr'>pontifices</span> <span class='ocrx_word' id='word_1_384' title='bbox 1172 3054 1203 3106; x_wconf 93' lang='lat' dir='ltr'>et</span> <span class='ocrx_word' id='word_1_385' title='bbox 1214 3050 1363 3122; x_wconf 88' lang='lat' dir='ltr'>principes</span> <span class='ocrx_word' id='word_1_386' title='bbox 1379 3050 1471 3122; x_wconf 89' lang='lat' dir='ltr'>ipsius</span> <span class='ocrx_word' id='word_1_387' title='bbox 1485 3052 1645 3123; x_wconf 85' lang='lat' dir='ltr'>provinciae</span> <span class='ocrx_word' id='word_1_388' title='bbox 1656 3067 1711 3124; x_wconf 91' lang='lat' dir='ltr'>pro</span> <span class='ocrx_word' id='word_1_389' title='bbox 1723 3051 1796 3108; x_wconf 89' lang='lat' dir='ltr'>utili·</span> 
     </span>
     <span class='ocr_line' id='line_1_32' title="bbox 92 3135 1796 3213; baseline 0.001 -18"><span class='ocrx_word' id='word_1_390' title='bbox 92 3137 205 3195; x_wconf 92' lang='lat' dir='ltr'>tatibus</span> <span class='ocrx_word' id='word_1_391' title='bbox 226 3137 330 3194; x_wconf 89' lang='lat' dir='ltr'>matris</span> <span class='ocrx_word' id='word_1_392' title='bbox 345 3135 390 3170; x_wconf 84' lang='grc' dir='ltr'>’Μ</span> <span class='ocrx_word' id='word_1_393' title='bbox 406 3136 548 3194; x_wconf 82' lang='lat' dir='ltr'>aecclesim</span> <span class='ocrx_word' id='word_1_394' title='bbox 568 3138 739 3208; x_wconf 84' lang='lat' dir='ltr'>frequenter</span> <span class='ocrx_word' id='word_1_395' title='bbox 758 3140 917 3203; x_wconf 64' lang='lat' dir='ltr'>convocem</span> <span class='ocrx_word' id='word_1_396' title='bbox 944 3135 992 3192; x_wconf 94' lang='lat' dir='ltr'>ubi</span> <span class='ocrx_word' id='word_1_397' title='bbox 1012 3135 1056 3192; x_wconf 92' lang='lat' dir='ltr'>vir</span> <span class='ocrx_word' id='word_1_398' title='bbox 1074 3136 1215 3209; x_wconf 92' lang='lat' dir='ltr'>eloquens</span> <span class='ocrx_word' id='word_1_399' title='bbox 1234 3143 1262 3195; x_wconf 93' lang='lat' dir='ltr'>et</span> <span class='ocrx_word' id='word_1_400' title='bbox 1284 3139 1439 3210; x_wconf 90' lang='lat' dir='ltr'>primatum</span> <span class='ocrx_word' id='word_1_401' title='bbox 1459 3139 1486 3194; x_wconf 93' lang='lat' dir='ltr'>in</span> <span class='ocrx_word' id='word_1_402' title='bbox 1506 3138 1663 3212; x_wconf 85' lang='lat' dir='ltr'>Cisalpinis</span> <span class='ocrx_word' id='word_1_403' title='bbox 1674 3139 1721 3174; x_wconf 91' lang='grc' dir='ltr'>’Μ</span> <span class='ocrx_word' id='word_1_404' title='bbox 1737 3153 1796 3213; x_wconf 88' lang='lat' dir='ltr'>par·</span> 
     </span>
     <span class='ocr_line' id='line_1_33' title="bbox 92 3223 1793 3299; baseline 0 -16"><span class='ocrx_word' id='word_1_405' title='bbox 92 3227 174 3293; x_wconf 85' lang='lat' dir='ltr'>tibus</span> <span class='ocrx_word' id='word_1_406' title='bbox 199 3225 418 3283; x_wconf 79' lang='lat' dir='ltr'>multiformiter</span> <span class='ocrx_word' id='word_1_407' title='bbox 437 3230 550 3296; x_wconf 88' lang='lat' dir='ltr'>tenens,</span> <span class='ocrx_word' id='word_1_408' title='bbox 572 3224 608 3282; x_wconf 88' lang='lat' dir='ltr'>ad</span> <span class='ocrx_word' id='word_1_409' title='bbox 628 3223 822 3281; x_wconf 89' lang='lat' dir='ltr'>defensionem</span> <span class='ocrx_word' id='word_1_410' title='bbox 842 3223 936 3282; x_wconf 88' lang='lat' dir='ltr'>totius</span> <span class='ocrx_word' id='word_1_411' title='bbox 955 3225 1114 3286; x_wconf 78' lang='lat' dir='ltr'>Germania</span> <span class='ocrx_word' id='word_1_412' title='bbox 1140 3227 1311 3299; x_wconf 90' lang='lat' dir='ltr'>metropolis</span> <span class='ocrx_word' id='word_1_413' title='bbox 1336 3225 1448 3284; x_wconf 89' lang='lat' dir='ltr'>animos</span> <span class='ocrx_word' id='word_1_414' title='bbox 1472 3227 1600 3284; x_wconf 91' lang='lat' dir='ltr'>omnium</span> <span class='ocrx_word' id='word_1_415' title='bbox 1623 3228 1793 3285; x_wconf 86' lang='lat' dir='ltr'>catholicam</span> 
     </span>
     <span class='ocr_line' id='line_1_34' title="bbox 93 3311 1796 3386; baseline 0.001 -16"><span class='ocrx_word' id='word_1_416' title='bbox 93 3313 290 3371; x_wconf 87' lang='lat' dir='ltr'>obedientiam</span> <span class='ocrx_word' id='word_1_417' title='bbox 306 3313 505 3384; x_wconf 80' lang='lat' dir='ltr'>profitentium</span> <span class='ocrx_word' id='word_1_418' title='bbox 522 3312 637 3370; x_wconf 89' lang='lat' dir='ltr'>tandem</span> <span class='ocrx_word' id='word_1_419' title='bbox 655 3312 766 3369; x_wconf 89' lang='lat' dir='ltr'>excitat</span> <span class='ocrx_word' id='word_1_420' title='bbox 778 3311 833 3367; x_wconf 87' lang='grc' dir='ltr'>Μ’.</span> <span class='ocrx_word' id='word_1_421' title='bbox 850 3312 1010 3370; x_wconf 90' lang='lat' dir='ltr'>lluoetiam</span> <span class='ocrx_word' id='word_1_422' title='bbox 1021 3314 1157 3384; x_wconf 89' lang='lat' dir='ltr'>accessit,</span> <span class='ocrx_word' id='word_1_423' title='bbox 1173 3313 1249 3384; x_wconf 91' lang='lat' dir='ltr'>quod</span> <span class='ocrx_word' id='word_1_424' title='bbox 1261 3313 1392 3386; x_wconf 89' lang='lat' dir='ltr'>episcopi</span> <span class='ocrx_word' id='word_1_425' title='bbox 1405 3313 1591 3386; x_wconf 90' lang='lat' dir='ltr'>Spirensiset</span> <span class='ocrx_word' id='word_1_426' title='bbox 1602 3317 1796 3373; x_wconf 82' lang='lat' dir='ltr'>wormacien·</span> 
     </span>
     <span class='ocr_line' id='line_1_35' title="bbox 92 3399 1796 3475; baseline 0 -17"><span class='ocrx_word' id='word_1_427' title='bbox 92 3402 144 3473; x_wconf 84' lang='lat' dir='ltr'>ais,</span> <span class='ocrx_word' id='word_1_428' title='bbox 162 3405 189 3457; x_wconf 93' lang='lat' dir='ltr'>et</span> <span class='ocrx_word' id='word_1_429' title='bbox 207 3400 292 3471; x_wconf 91' lang='lat' dir='ltr'>siqui</span> <span class='ocrx_word' id='word_1_430' title='bbox 309 3399 357 3456; x_wconf 90' lang='lat' dir='ltr'>alii</span> <span class='ocrx_word' id='word_1_431' title='bbox 372 3400 567 3458; x_wconf 64' lang='lat' dir='ltr'>resistere’‘¹⁴</span> <span class='ocrx_word' id='word_1_432' title='bbox 580 3415 635 3457; x_wconf 93' lang='lat' dir='ltr'>non</span> <span class='ocrx_word' id='word_1_433' title='bbox 650 3400 784 3457; x_wconf 90' lang='lat' dir='ltr'>valentes</span> <span class='ocrx_word' id='word_1_434' title='bbox 799 3404 895 3458; x_wconf 90' lang='lat' dir='ltr'>tamen</span> <span class='ocrx_word' id='word_1_435' title='bbox 910 3399 956 3435; x_wconf 91' lang='grc' dir='ltr'>Μ’</span> <span class='ocrx_word' id='word_1_436' title='bbox 971 3400 1162 3474; x_wconf 90' lang='lat' dir='ltr'>apostolicam</span> <span class='ocrx_word' id='word_1_437' title='bbox 1177 3402 1375 3459; x_wconf 85' lang='lat' dir='ltr'>obedientiam</span> <span class='ocrx_word' id='word_1_438' title='bbox 1392 3402 1513 3474; x_wconf 79' lang='lat' dir='ltr'>professi</span> <span class='ocrx_word' id='word_1_439' title='bbox 1524 3402 1581 3474; x_wconf 89' lang='grc' dir='ltr'>Μ’,</span> <span class='ocrx_word' id='word_1_440' title='bbox 1593 3402 1670 3475; x_wconf 88' lang='lat' dir='ltr'>pulsi</span> <span class='ocrx_word' id='word_1_441' title='bbox 1680 3403 1727 3437; x_wconf 82' lang='grc' dir='ltr'>Μ’</span> <span class='ocrx_word' id='word_1_442' title='bbox 1738 3403 1796 3460; x_wconf 85' lang='lat' dir='ltr'>suia</span> 
     </span>
     <span class='ocr_line' id='line_1_36' title="bbox 94 3488 1795 3563; baseline -0.001 -16"><span class='ocrx_word' id='word_1_443' title='bbox 94 3490 216 3548; x_wconf 88' lang='lat' dir='ltr'>sedibus</span> <span class='ocrx_word' id='word_1_444' title='bbox 235 3489 416 3560; x_wconf 76' lang='lat' dir='ltr'>vagabantur</span> <span class='ocrx_word' id='word_1_445' title='bbox 435 3491 586 3557; x_wconf 86' lang='lat' dir='ltr'>extorres;</span> <span class='ocrx_word' id='word_1_446' title='bbox 606 3505 680 3560; x_wconf 91' lang='lat' dir='ltr'>quos</span> <span class='ocrx_word' id='word_1_447' title='bbox 701 3491 820 3562; x_wconf 93' lang='lat' dir='ltr'>proprio</span> <span class='ocrx_word' id='word_1_448' title='bbox 841 3503 985 3561; x_wconf 90' lang='lat' dir='ltr'>quemque</span> <span class='ocrx_word' id='word_1_449' title='bbox 1004 3488 1068 3546; x_wconf 92' lang='lat' dir='ltr'>loco</span> <span class='ocrx_word' id='word_1_450' title='bbox 1089 3489 1245 3546; x_wconf 89' lang='lat' dir='ltr'>restituere</span> <span class='ocrx_word' id='word_1_451' title='bbox 1266 3489 1459 3561; x_wconf 92' lang='lat' dir='ltr'>disponebant</span> <span class='ocrx_word' id='word_1_452' title='bbox 1475 3489 1549 3546; x_wconf 91' lang='lat' dir='ltr'>idem</span> <span class='ocrx_word' id='word_1_453' title='bbox 1571 3490 1730 3563; x_wconf 89' lang='lat' dir='ltr'>principes,</span> <span class='ocrx_word' id='word_1_454' title='bbox 1747 3505 1795 3562; x_wconf 93' lang='lat' dir='ltr'>pre</span> 
     </span>
     <span class='ocr_line' id='line_1_37' title="bbox 93 3576 1795 3650; baseline 0.001 -16"><span class='ocrx_word' id='word_1_455' title='bbox 93 3578 214 3635; x_wconf 84' lang='lat' dir='ltr'>liomino</span> <span class='ocrx_word' id='word_1_456' title='bbox 229 3579 287 3636; x_wconf 81' lang='lat' dir='ltr'>lieo</span> <span class='ocrx_word' id='word_1_457' title='bbox 302 3576 348 3610; x_wconf 88' lang='grc' dir='ltr'>’Μ</span> <span class='ocrx_word' id='word_1_458' title='bbox 363 3577 544 3636; x_wconf 84' lang='lat' dir='ltr'>exercituum</span> <span class='ocrx_word' id='word_1_459' title='bbox 564 3578 627 3636; x_wconf 86' lang='lat' dir='ltr'>zelo</span> <span class='ocrx_word' id='word_1_460' title='bbox 648 3577 788 3635; x_wconf 84' lang='lat' dir='ltr'>zelantes.</span> <span class='ocrx_word' id='word_1_461' title='bbox 811 3579 940 3650; x_wconf 86' lang='lat' dir='ltr'>benique</span> <span class='ocrx_word' id='word_1_462' title='bbox 960 3578 1038 3636; x_wconf 88' lang='lat' dir='ltr'>circa</span> <span class='ocrx_word' id='word_1_463' title='bbox 1058 3577 1222 3635; x_wconf 89' lang='lat' dir='ltr'>solsticium</span> <span class='ocrx_word' id='word_1_464' title='bbox 1238 3578 1378 3647; x_wconf 74' lang='lat' dir='ltr'>estivale,</span> <span class='ocrx_word' id='word_1_465' title='bbox 1395 3593 1462 3634; x_wconf 89' lang='lat' dir='ltr'>cara</span> <span class='ocrx_word' id='word_1_466' title='bbox 1476 3579 1535 3649; x_wconf 85' lang='lat' dir='ltr'>jam</span> <span class='ocrx_word' id='word_1_467' title='bbox 1551 3579 1662 3650; x_wconf 89' lang='lat' dir='ltr'>ubique</span> <span class='ocrx_word' id='word_1_468' title='bbox 1675 3577 1732 3650; x_wconf 89' lang='grc' dir='ltr'>Μ’,</span> <span class='ocrx_word' id='word_1_469' title='bbox 1747 3593 1795 3650; x_wconf 89' lang='lat' dir='ltr'>per</span> 
     </span>
     <span class='ocr_line' id='line_1_38' title="bbox 93 3664 1795 3739; baseline -0.001 -16"><span class='ocrx_word' id='word_1_470' title='bbox 93 3671 225 3724; x_wconf 87' lang='lat' dir='ltr'>vastatas</span> <span class='ocrx_word' id='word_1_471' title='bbox 238 3665 373 3722; x_wconf 91' lang='lat' dir='ltr'>nimirum</span> <span class='ocrx_word' id='word_1_472' title='bbox 389 3666 536 3738; x_wconf 80' lang='lat' dir='ltr'>regiones,</span> <span class='ocrx_word' id='word_1_473' title='bbox 558 3680 680 3738; x_wconf 91' lang='lat' dir='ltr'>annona,</span> <span class='ocrx_word' id='word_1_474' title='bbox 700 3667 833 3738; x_wconf 76' lang='lat' dir='ltr'>geminus</span> <span class='ocrx_word' id='word_1_475' title='bbox 851 3667 975 3739; x_wconf 89' lang='lat' dir='ltr'>tibimet,</span> <span class='ocrx_word' id='word_1_476' title='bbox 992 3682 1009 3722; x_wconf 90' lang='lat' dir='ltr'>e</span> <span class='ocrx_word' id='word_1_477' title='bbox 1025 3664 1133 3723; x_wconf 90' lang='lat' dir='ltr'>nobilis</span> <span class='ocrx_word' id='word_1_478' title='bbox 1149 3666 1303 3738; x_wconf 75' lang='lat' dir='ltr'>Mogontia,</span> <span class='ocrx_word' id='word_1_479' title='bbox 1320 3667 1463 3723; x_wconf 86' lang='lat' dir='ltr'>condatur</span> <span class='ocrx_word' id='word_1_480' title='bbox 1478 3666 1637 3738; x_wconf 90' lang='lat' dir='ltr'>exereitus,</span> <span class='ocrx_word' id='word_1_481' title='bbox 1655 3665 1732 3724; x_wconf 89' lang='lat' dir='ltr'>alter</span> <span class='ocrx_word' id='word_1_482' title='bbox 1746 3666 1795 3724; x_wconf 91' lang='lat' dir='ltr'>sci·</span> 
     </span>
     <span class='ocr_line' id='line_1_39' title="bbox 93 3752 1795 3829; baseline -0.002 -17"><span class='ocrx_word' id='word_1_483' title='bbox 93 3753 162 3812; x_wconf 88' lang='lat' dir='ltr'>licet</span> <span class='ocrx_word' id='word_1_484' title='bbox 181 3754 208 3808; x_wconf 94' lang='lat' dir='ltr'>in</span> <span class='ocrx_word' id='word_1_485' title='bbox 224 3753 350 3824; x_wconf 79' lang='lat' dir='ltr'>liseria,</span> <span class='ocrx_word' id='word_1_486' title='bbox 368 3757 412 3811; x_wconf 87' lang='lat' dir='ltr'>ast</span> <span class='ocrx_word' id='word_1_487' title='bbox 427 3753 473 3788; x_wconf 85' lang='grc' dir='ltr'>Μ’</span> <span class='ocrx_word' id='word_1_488' title='bbox 488 3755 563 3811; x_wconf 91' lang='lat' dir='ltr'>alter</span> <span class='ocrx_word' id='word_1_489' title='bbox 580 3755 607 3811; x_wconf 94' lang='lat' dir='ltr'>in</span> <span class='ocrx_word' id='word_1_490' title='bbox 624 3755 757 3829; x_wconf 85' lang='lat' dir='ltr'>saxonia,</span> <span class='ocrx_word' id='word_1_491' title='bbox 775 3756 887 3828; x_wconf 88' lang='lat' dir='ltr'>dispari</span> <span class='ocrx_word' id='word_1_492' title='bbox 902 3755 997 3813; x_wconf 89' lang='lat' dir='ltr'>animo</span> <span class='ocrx_word' id='word_1_493' title='bbox 1012 3770 1131 3812; x_wconf 75' lang='lat' dir='ltr'>annosas</span> <span class='ocrx_word' id='word_1_494' title='bbox 1145 3752 1191 3788; x_wconf 88' lang='grc' dir='ltr'>’Μ</span> <span class='ocrx_word' id='word_1_495' title='bbox 1207 3754 1361 3825; x_wconf 81' lang='lat' dir='ltr'>dignitatis</span> <span class='ocrx_word' id='word_1_496' title='bbox 1375 3760 1432 3811; x_wconf 79' lang='lat' dir='ltr'>tum</span> <span class='ocrx_word' id='word_1_497' title='bbox 1449 3754 1541 3811; x_wconf 88' lang='lat' dir='ltr'>menia</span> <span class='ocrx_word' id='word_1_498' title='bbox 1559 3756 1689 3827; x_wconf 91' lang='lat' dir='ltr'>superba</span> <span class='ocrx_word' id='word_1_499' title='bbox 1705 3754 1795 3827; x_wconf 83' lang='lat' dir='ltr'>qucri-</span> 
     </span>
     <span class='ocr_line' id='line_1_40' title="bbox 94 3840 1795 3915; baseline 0.001 -15"><span class='ocrx_word' id='word_1_500' title='bbox 94 3846 210 3910; x_wconf 89' lang='lat' dir='ltr'>taotes;</span> <span class='ocrx_word' id='word_1_501' title='bbox 224 3840 300 3898; x_wconf 92' lang='lat' dir='ltr'>alter</span> <span class='ocrx_word' id='word_1_502' title='bbox 311 3842 541 3901; x_wconf 88' lang='lat' dir='ltr'>destructionem</span> <span class='ocrx_word' id='word_1_503' title='bbox 552 3848 642 3915; x_wconf 84' lang='lat' dir='ltr'>tuarn,</span> <span class='ocrx_word' id='word_1_504' title='bbox 655 3844 731 3902; x_wconf 91' lang='lat' dir='ltr'>alter</span> <span class='ocrx_word' id='word_1_505' title='bbox 741 3845 938 3903; x_wconf 88' lang='lat' dir='ltr'>defensionem</span> <span class='ocrx_word' id='word_1_506' title='bbox 950 3843 1141 3915; x_wconf 86' lang='lat' dir='ltr'>intentantes,</span> <span class='ocrx_word' id='word_1_507' title='bbox 1154 3843 1214 3900; x_wconf 90' lang='lat' dir='ltr'>acsi</span> <span class='ocrx_word' id='word_1_508' title='bbox 1226 3843 1431 3914; x_wconf 88' lang='lat' dir='ltr'>conquerendo</span> <span class='ocrx_word' id='word_1_509' title='bbox 1443 3843 1552 3900; x_wconf 90' lang='lat' dir='ltr'>dicenti</span> <span class='ocrx_word' id='word_1_510' title='bbox 1564 3843 1619 3900; x_wconf 88' lang='lat' dir='ltr'>tibi</span> <span class='ocrx_word' id='word_1_511' title='bbox 1634 3843 1730 3902; x_wconf 81' lang='lat' dir='ltr'>:Filii</span> <span class='ocrx_word' id='word_1_512' title='bbox 1740 3857 1795 3900; x_wconf 82' lang='lat' dir='ltr'>me·</span> 
     </span>
     <span class='ocr_line' id='line_1_41' title="bbox 95 3930 1797 4007; baseline -0.003 -15"><span class='ocrx_word' id='word_1_513' title='bbox 95 3932 632 4004; x_wconf 70' lang='lat' dir='ltr'>trismeepuanererrtntcontreme!</span> <span class='ocrx_word' id='word_1_514' title='bbox 644 3933 742 4004; x_wconf 80' lang='lat' dir='ltr'>(Ceri.</span> <span class='ocrx_word' id='word_1_515' title='bbox 755 3949 775 4004; x_wconf 86' lang='lat' dir='ltr'>r,</span> <span class='ocrx_word' id='word_1_516' title='bbox 789 3937 827 4007; x_wconf 84' lang='lat' dir='ltr'>ti.)</span> <span class='ocrx_word' id='word_1_517' title='bbox 840 3935 929 3991; x_wconf 83' lang='lat' dir='ltr'>rebus</span> <span class='ocrx_word' id='word_1_518' title='bbox 941 3931 1135 4004; x_wconf 86' lang='lat' dir='ltr'>responderet</span> <span class='ocrx_word' id='word_1_519' title='bbox 1147 3931 1280 3988; x_wconf 87' lang='lat' dir='ltr'>cbristus</span> <span class='ocrx_word' id='word_1_520' title='bbox 1291 3950 1297 3984; x_wconf 92' lang='lat'>:</span> <span class='ocrx_word' id='word_1_521' title='bbox 1308 3930 1616 3989; x_wconf 82' lang='lat' dir='ltr'>Eceeiferatm¹⁸²¹isfi</span> <span class='ocrx_word' id='word_1_522' title='bbox 1626 3930 1797 4005; x_wconf 68' lang='lat' dir='ltr'>concrepuit</span> 
     </span>
     <span class='ocr_line' id='line_1_42' title="bbox 97 4018 1797 4104; baseline -0.004 -24"><span class='ocrx_word' id='word_1_523' title='bbox 97 4019 135 4094; x_wconf 86' lang='lat' dir='ltr'>[e.</span> <span class='ocrx_word' id='word_1_524' title='bbox 153 4020 237 4079; x_wconf 78' lang='lat' dir='ltr'>aunt.</span> <span class='ocrx_word' id='word_1_525' title='bbox 256 4021 291 4076; x_wconf 90' lang='lat' dir='ltr'>b.</span> <span class='ocrx_word' id='word_1_526' title='bbox 312 4019 360 4092; x_wconf 65' lang='lat' dir='ltr'>lb]</span> <span class='ocrx_word' id='word_1_527' title='bbox 375 4022 522 4079; x_wconf 63' lang='lat' dir='ltr'>emunt</span> <span class='ocrx_word' id='word_1_528' title='bbox 534 4021 605 4080; x_wconf 76' lang='lat' dir='ltr'>titia</span> <span class='ocrx_word' id='word_1_529' title='bbox 621 4021 674 4092; x_wconf 86' lang='lat' dir='ltr'>(Is.</span> <span class='ocrx_word' id='word_1_530' title='bbox 690 4037 766 4094; x_wconf 81' lang='lat' dir='ltr'>xcix,</span> <span class='ocrx_word' id='word_1_531' title='bbox 783 4024 839 4093; x_wconf 86' lang='lat'>18.)</span> <span class='ocrx_word' id='word_1_532' title='bbox 855 4023 976 4080; x_wconf 84' lang='lat' dir='ltr'>Fiebaut</span> <span class='ocrx_word' id='word_1_533' title='bbox 996 4020 1114 4078; x_wconf 91' lang='lat' dir='ltr'>interim</span> <span class='ocrx_word' id='word_1_534' title='bbox 1131 4034 1183 4093; x_wconf 91' lang='lat' dir='ltr'>per</span> <span class='ocrx_word' id='word_1_535' title='bbox 1197 4033 1297 4104; x_wconf 29' lang='lat' dir='ltr'>orantes</span> <span class='ocrx_word' id='word_1_536' title='bbox 1312 4019 1461 4076; x_wconf 82' lang='lat' dir='ltr'>aecclesias</span> <span class='ocrx_word' id='word_1_537' title='bbox 1472 4018 1591 4090; x_wconf 81' lang='lat' dir='ltr'>jejunia,</span> <span class='ocrx_word' id='word_1_538' title='bbox 1610 4020 1797 4092; x_wconf 82' lang='lat' dir='ltr'>supplicatio</span> 
     </span>
     <span class='ocr_line' id='line_1_43' title="bbox 95 4107 1797 4182; baseline -0.003 -14"><span class='ocrx_word' id='word_1_539' title='bbox 95 4125 157 4177; x_wconf 83' lang='lat' dir='ltr'>nce,</span> <span class='ocrx_word' id='word_1_540' title='bbox 173 4108 221 4166; x_wconf 90' lang='lat' dir='ltr'>vel</span> <span class='ocrx_word' id='word_1_541' title='bbox 236 4109 352 4166; x_wconf 78' lang='lat' dir='ltr'>letaniae</span> <span class='ocrx_word' id='word_1_542' title='bbox 365 4107 426 4178; x_wconf 89' lang='grc'>””;</span> <span class='ocrx_word' id='word_1_543' title='bbox 441 4116 571 4167; x_wconf 89' lang='lat' dir='ltr'>necerat</span> <span class='ocrx_word' id='word_1_544' title='bbox 588 4109 647 4168; x_wconf 89' lang='lat' dir='ltr'>ulla</span> <span class='ocrx_word' id='word_1_545' title='bbox 661 4110 718 4168; x_wconf 89' lang='lat' dir='ltr'>tilia</span> <span class='ocrx_word' id='word_1_546' title='bbox 734 4112 819 4182; x_wconf 79' lang='lat' dir='ltr'>syon,</span> <span class='ocrx_word' id='word_1_547' title='bbox 836 4126 901 4182; x_wconf 83' lang='lat' dir='ltr'>quae</span> <span class='ocrx_word' id='word_1_548' title='bbox 915 4124 946 4168; x_wconf 90' lang='lat' dir='ltr'>se</span> <span class='ocrx_word' id='word_1_549' title='bbox 960 4110 1070 4167; x_wconf 88' lang='lat' dir='ltr'>faceret</span> <span class='ocrx_word' id='word_1_550' title='bbox 1084 4113 1235 4182; x_wconf 90' lang='lat' dir='ltr'>expertem</span> <span class='ocrx_word' id='word_1_551' title='bbox 1246 4107 1321 4163; x_wconf 87' lang='lat' dir='ltr'>tanti</span> <span class='ocrx_word' id='word_1_552' title='bbox 1334 4107 1455 4180; x_wconf 89' lang='lat' dir='ltr'>periculi</span> <span class='ocrx_word' id='word_1_553' title='bbox 1468 4108 1653 4166; x_wconf 71' lang='lat' dir='ltr'>matrissuae.</span> <span class='ocrx_word' id='word_1_554' title='bbox 1672 4109 1797 4180; x_wconf 83' lang='lat' dir='ltr'>Quapre</span> 
     </span>
     <span class='ocr_line' id='line_1_44' title="bbox 97 4196 1795 4272; baseline -0.002 -18"><span class='ocrx_word' id='word_1_555' title='bbox 97 4203 162 4272; x_wconf 91' lang='lat' dir='ltr'>pter</span> <span class='ocrx_word' id='word_1_556' title='bbox 183 4198 311 4270; x_wconf 85' lang='lat' dir='ltr'>respexit</span> <span class='ocrx_word' id='word_1_557' title='bbox 332 4200 470 4256; x_wconf 81' lang='lat' dir='ltr'>bemanus</span> <span class='ocrx_word' id='word_1_558' title='bbox 490 4198 518 4255; x_wconf 93' lang='lat' dir='ltr'>in</span> <span class='ocrx_word' id='word_1_559' title='bbox 538 4199 698 4256; x_wconf 92' lang='lat' dir='ltr'>orationem</span> <span class='ocrx_word' id='word_1_560' title='bbox 717 4198 867 4256; x_wconf 92' lang='lat' dir='ltr'>bumilium</span> <span class='ocrx_word' id='word_1_561' title='bbox 888 4204 918 4255; x_wconf 90' lang='lat' dir='ltr'>ot</span> <span class='ocrx_word' id='word_1_562' title='bbox 937 4212 993 4255; x_wconf 93' lang='lat' dir='ltr'>non</span> <span class='ocrx_word' id='word_1_563' title='bbox 1015 4197 1125 4270; x_wconf 89' lang='lat' dir='ltr'>sprevit</span> <span class='ocrx_word' id='word_1_564' title='bbox 1148 4211 1263 4269; x_wconf 89' lang='lat' dir='ltr'>precem</span> <span class='ocrx_word' id='word_1_565' title='bbox 1277 4196 1321 4230; x_wconf 85' lang='grc' dir='ltr'>’Μ</span> <span class='ocrx_word' id='word_1_566' title='bbox 1336 4210 1446 4266; x_wconf 91' lang='lat' dir='ltr'>eorum,</span> <span class='ocrx_word' id='word_1_567' title='bbox 1469 4196 1519 4253; x_wconf 87' lang='lat' dir='ltr'>sed</span> <span class='ocrx_word' id='word_1_568' title='bbox 1539 4196 1629 4254; x_wconf 90' lang='lat' dir='ltr'>misse</span> <span class='ocrx_word' id='word_1_569' title='bbox 1647 4196 1795 4269; x_wconf 89' lang='lat' dir='ltr'>principali</span> 
     </span>
     <span class='ocr_line' id='line_1_45' title="bbox 96 4281 1797 4360; baseline -0.002 -17"><span class='ocrx_word' id='word_1_570' title='bbox 96 4302 149 4345; x_wconf 92' lang='lat' dir='ltr'>suo</span> <span class='ocrx_word' id='word_1_571' title='bbox 164 4285 272 4360; x_wconf 90' lang='lat' dir='ltr'>spiritu</span> <span class='ocrx_word' id='word_1_572' title='bbox 287 4284 343 4357; x_wconf 88' lang='grc' dir='ltr'>Μ’,</span> <span class='ocrx_word' id='word_1_573' title='bbox 360 4286 467 4359; x_wconf 92' lang='lat' dir='ltr'>spiritu</span> <span class='ocrx_word' id='word_1_574' title='bbox 482 4286 608 4359; x_wconf 92' lang='lat' dir='ltr'>consilii,</span> <span class='ocrx_word' id='word_1_575' title='bbox 625 4287 730 4360; x_wconf 91' lang='lat' dir='ltr'>spiritu</span> <span class='ocrx_word' id='word_1_576' title='bbox 746 4287 835 4360; x_wconf 87' lang='lat' dir='ltr'>pacis,</span> <span class='ocrx_word' id='word_1_577' title='bbox 853 4288 930 4344; x_wconf 90' lang='lat' dir='ltr'>inter</span> <span class='ocrx_word' id='word_1_578' title='bbox 943 4285 989 4320; x_wconf 88' lang='grc' dir='ltr'>Μ’</span> <span class='ocrx_word' id='word_1_579' title='bbox 1005 4286 1152 4359; x_wconf 90' lang='lat' dir='ltr'>principes</span> <span class='ocrx_word' id='word_1_580' title='bbox 1174 4285 1327 4356; x_wconf 89' lang='lat' dir='ltr'>utriusque</span> <span class='ocrx_word' id='word_1_581' title='bbox 1340 4283 1385 4318; x_wconf 87' lang='grc' dir='ltr'>Μ’</span> <span class='ocrx_word' id='word_1_582' title='bbox 1401 4284 1512 4356; x_wconf 87' lang='lat' dir='ltr'>pepuli,</span> <span class='ocrx_word' id='word_1_583' title='bbox 1526 4282 1593 4342; x_wconf 92' lang='lat' dir='ltr'>dum</span> <span class='ocrx_word' id='word_1_584' title='bbox 1607 4283 1668 4355; x_wconf 83' lang='lat' dir='ltr'>jam</span> <span class='ocrx_word' id='word_1_585' title='bbox 1683 4300 1741 4342; x_wconf 88' lang='lat' dir='ltr'>mou</span> <span class='ocrx_word' id='word_1_586' title='bbox 1756 4281 1797 4318; x_wconf 86' lang='grc' dir='ltr'>’Μ</span> 
     </span>
     <span class='ocr_line' id='line_1_46' title="bbox 95 4371 1795 4447; baseline -0.002 -15"><span class='ocrx_word' id='word_1_587' title='bbox 95 4376 182 4446; x_wconf 77' lang='lat' dir='ltr'>lenge</span> <span class='ocrx_word' id='word_1_588' title='bbox 197 4375 234 4431; x_wconf 89' lang='lat' dir='ltr'>ab</span> <span class='ocrx_word' id='word_1_589' title='bbox 251 4373 373 4431; x_wconf 92' lang='lat' dir='ltr'>invicem</span> <span class='ocrx_word' id='word_1_590' title='bbox 390 4378 514 4447; x_wconf 88' lang='lat' dir='ltr'>uterque</span> <span class='ocrx_word' id='word_1_591' title='bbox 529 4374 713 4433; x_wconf 85' lang='lat' dir='ltr'>consedisset</span> <span class='ocrx_word' id='word_1_592' title='bbox 729 4375 887 4446; x_wconf 88' lang='lat' dir='ltr'>exereitus,</span> <span class='ocrx_word' id='word_1_593' title='bbox 906 4390 958 4447; x_wconf 92' lang='lat' dir='ltr'>pro</span> <span class='ocrx_word' id='word_1_594' title='bbox 973 4389 1007 4432; x_wconf 90' lang='lat' dir='ltr'>eo</span> <span class='ocrx_word' id='word_1_595' title='bbox 1022 4375 1099 4447; x_wconf 92' lang='lat' dir='ltr'>quod</span> <span class='ocrx_word' id='word_1_596' title='bbox 1112 4375 1140 4431; x_wconf 94' lang='lat' dir='ltr'>in</span> <span class='ocrx_word' id='word_1_597' title='bbox 1151 4373 1326 4431; x_wconf 88' lang='lat' dir='ltr'>alterutrum</span> <span class='ocrx_word' id='word_1_598' title='bbox 1342 4371 1422 4431; x_wconf 88' lang='lat' dir='ltr'>acies</span> <span class='ocrx_word' id='word_1_599' title='bbox 1438 4371 1565 4444; x_wconf 76' lang='lat' dir='ltr'>dirigere</span> <span class='ocrx_word' id='word_1_600' title='bbox 1580 4372 1795 4445; x_wconf 85' lang='lat' dir='ltr'>disposuerant,</span> 
     </span>
     <span class='ocr_line' id='line_1_47' title="bbox 97 4460 1797 4538; baseline -0.001 -20"><span class='ocrx_word' id='word_1_601' title='bbox 97 4461 194 4519; x_wconf 85' lang='lat' dir='ltr'>missis</span> <span class='ocrx_word' id='word_1_602' title='bbox 210 4463 356 4534; x_wconf 90' lang='lat' dir='ltr'>utrimque</span> <span class='ocrx_word' id='word_1_603' title='bbox 373 4462 537 4536; x_wconf 92' lang='lat' dir='ltr'>quibusque</span> <span class='ocrx_word' id='word_1_604' title='bbox 551 4462 597 4498; x_wconf 89' lang='grc' dir='ltr'>Μ’</span> <span class='ocrx_word' id='word_1_605' title='bbox 612 4463 837 4538; x_wconf 87' lang='lat' dir='ltr'>sapientissimis</span> <span class='ocrx_word' id='word_1_606' title='bbox 852 4468 940 4536; x_wconf 91' lang='lat' dir='ltr'>atque</span> <span class='ocrx_word' id='word_1_607' title='bbox 956 4462 1103 4535; x_wconf 77' lang='lat' dir='ltr'>religiosis</span> <span class='ocrx_word' id='word_1_608' title='bbox 1122 4462 1305 4536; x_wconf 88' lang='lat' dir='ltr'>proceribus,</span> <span class='ocrx_word' id='word_1_609' title='bbox 1324 4460 1359 4519; x_wconf 92' lang='lat' dir='ltr'>de</span> <span class='ocrx_word' id='word_1_610' title='bbox 1374 4460 1530 4519; x_wconf 89' lang='lat' dir='ltr'>eoncordia</span> <span class='ocrx_word' id='word_1_611' title='bbox 1545 4475 1598 4520; x_wconf 89' lang='lat' dir='ltr'>sua</span> <span class='ocrx_word' id='word_1_612' title='bbox 1614 4461 1730 4520; x_wconf 89' lang='lat' dir='ltr'>scilicet</span> <span class='ocrx_word' id='word_1_613' title='bbox 1748 4462 1797 4517; x_wconf 85' lang='lat' dir='ltr'>fra·</span> 
     </span>
    </p>
   </div>
   <div class='ocr_carea' id='block_1_5' title="bbox 775 4631 1115 4691">
    <p class='ocr_par' dir='ltr' id='par_1_8' title="bbox 775 4631 1115 4691">
     <span class='ocr_line' id='line_1_48' title="bbox 775 4631 1115 4691; baseline 0.003 -2"><span class='ocrx_word' id='word_1_614' title='bbox 775 4633 893 4691; x_wconf 73' lang='lat' dir='ltr'>VARlAE</span> <span class='ocrx_word' id='word_1_615' title='bbox 909 4631 1115 4690; x_wconf 72' lang='lat' dir='ltr'>ascalonus,</span> 
     </span>
    </p>
   </div>
   <div class='ocr_carea' id='block_1_6' title="bbox 134 4776 1798 4886">
    <p class='ocr_par' dir='ltr' id='par_1_9' title="bbox 134 4776 1798 4886">
     <span class='ocr_line' id='line_1_49' title="bbox 134 4776 1798 4886; baseline 0.001 -52"><span class='ocrx_word' id='word_1_616' title='bbox 134 4777 180 4813; x_wconf 87' lang='grc' dir='ltr'>’Μ</span> <span class='ocrx_word' id='word_1_617' title='bbox 195 4780 216 4834; x_wconf 91' lang='lat' dir='ltr'>b</span> <span class='ocrx_word' id='word_1_618' title='bbox 231 4779 315 4837; x_wconf 78' lang='lat' dir='ltr'>deest</span> <span class='ocrx_word' id='word_1_619' title='bbox 328 4782 353 4836; x_wconf 92' lang='lat' dir='ltr'>l.</span> <span class='ocrx_word' id='word_1_620' title='bbox 391 4777 439 4814; x_wconf 87' lang='grc' dir='ltr'>Μ’</span> <span class='ocrx_word' id='word_1_621' title='bbox 453 4779 481 4836; x_wconf 91' lang='lat' dir='ltr'>in</span> <span class='ocrx_word' id='word_1_622' title='bbox 497 4780 632 4839; x_wconf 85' lang='lat' dir='ltr'>aecclesia</span> <span class='ocrx_word' id='word_1_623' title='bbox 656 4781 888 4841; x_wconf 81' lang='lat' dir='ltr'>Cluniaoeusium</span> <span class='ocrx_word' id='word_1_624' title='bbox 914 4781 1100 4852; x_wconf 80' lang='lat' dir='ltr'>(cloniacensi</span> <span class='ocrx_word' id='word_1_625' title='bbox 1115 4779 1320 4886; x_wconf 48' lang='lat' dir='ltr'>dp&#39;sepultus,</span> <span class='ocrx_word' id='word_1_626' title='bbox 1341 4779 1389 4838; x_wconf 91' lang='lat' dir='ltr'>cui</span> <span class='ocrx_word' id='word_1_627' title='bbox 1408 4776 1585 4852; x_wconf 84' lang='lat' dir='ltr'>praesidebat</span> <span class='ocrx_word' id='word_1_628' title='bbox 1603 4777 1649 4835; x_wconf 90' lang='lat' dir='ltr'>vir</span> <span class='ocrx_word' id='word_1_629' title='bbox 1668 4780 1706 4837; x_wconf 89' lang='lat' dir='ltr'>ad</span> <span class='ocrx_word' id='word_1_630' title='bbox 1731 4779 1798 4837; x_wconf 88' lang='lat' dir='ltr'>rime</span> 
     </span>
    </p>
   </div>
   <div class='ocr_carea' id='block_1_7' title="bbox 63 4848 1802 5554">
    <p class='ocr_par' dir='ltr' id='par_1_10' title="bbox 63 4848 1802 5554">
     <span class='ocr_line' id='line_1_50' title="bbox 98 4848 1800 4924; baseline 0.001 -19"><span class='ocrx_word' id='word_1_631' title='bbox 98 4848 117 4905; x_wconf 90' lang='lat' dir='ltr'>l.</span> <span class='ocrx_word' id='word_1_632' title='bbox 140 4852 216 4907; x_wconf 76' lang='lat' dir='ltr'>l·b⁰.</span> <span class='ocrx_word' id='word_1_633' title='bbox 240 4851 573 4908; x_wconf 87' lang='lat' dir='ltr'>inaecc.cl.s..vira.</span> <span class='ocrx_word' id='word_1_634' title='bbox 596 4857 636 4909; x_wconf 86' lang='lat' dir='ltr'>te.</span> <span class='ocrx_word' id='word_1_635' title='bbox 660 4858 702 4908; x_wconf 93' lang='grc'>11.</span> <span class='ocrx_word' id='word_1_636' title='bbox 758 4853 804 4888; x_wconf 89' lang='grc' dir='ltr'>Μ’</span> <span class='ocrx_word' id='word_1_637' title='bbox 825 4853 959 4924; x_wconf 77' lang='lat' dir='ltr'>longai).</span> <span class='ocrx_word' id='word_1_638' title='bbox 981 4856 1063 4910; x_wconf 79' lang='lat' dir='ltr'>d·ll.</span> <span class='ocrx_word' id='word_1_639' title='bbox 1119 4853 1141 4886; x_wconf 81' lang='lat'>¹⁴</span> <span class='ocrx_word' id='word_1_640' title='bbox 1203 4852 1249 4909; x_wconf 81' lang='lat' dir='ltr'>cst</span> <span class='ocrx_word' id='word_1_641' title='bbox 1269 4851 1339 4909; x_wconf 77' lang='lat' dir='ltr'>edd.</span> <span class='ocrx_word' id='word_1_642' title='bbox 1359 4857 1386 4908; x_wconf 94' lang='grc'><strong>7.</strong></span> <span class='ocrx_word' id='word_1_643' title='bbox 1442 4848 1633 4908; x_wconf 75' lang='lat' dir='ltr'>&#39;⁸⁰⁸deesfd.</span> <span class='ocrx_word' id='word_1_644' title='bbox 1731 4852 1800 4907; x_wconf 83' lang='lat' dir='ltr'>‘ca-</span> 
     </span>
     <span class='ocr_line' id='line_1_51' title="bbox 99 4920 1799 4990; baseline 0 -14"><span class='ocrx_word' id='word_1_645' title='bbox 99 4921 196 4978; x_wconf 89' lang='lat' dir='ltr'>dentis</span> <span class='ocrx_word' id='word_1_646' title='bbox 212 4924 237 4977; x_wconf 81' lang='grc'>1.</span> <span class='ocrx_word' id='word_1_647' title='bbox 294 4921 340 4955; x_wconf 84' lang='grc' dir='ltr'>Μ’</span> <span class='ocrx_word' id='word_1_648' title='bbox 354 4920 437 4980; x_wconf 80' lang='lat' dir='ltr'>deest</span> <span class='ocrx_word' id='word_1_649' title='bbox 450 4926 474 4978; x_wconf 81' lang='grc'>1.</span> <span class='ocrx_word' id='word_1_650' title='bbox 532 4923 785 4981; x_wconf 73' lang='lat' dir='ltr'>²⁸⁰·beinricusb,</span> <span class='ocrx_word' id='word_1_651' title='bbox 807 4926 888 4980; x_wconf 83' lang='lat' dir='ltr'>l-ll.</span> <span class='ocrx_word' id='word_1_652' title='bbox 913 4924 1003 4990; x_wconf 65' lang='lat' dir='ltr'>Qec</span> <span class='ocrx_word' id='word_1_653' title='bbox 1021 4937 1150 4980; x_wconf 79' lang='lat' dir='ltr'>errorem</span> <span class='ocrx_word' id='word_1_654' title='bbox 1197 4921 1369 4980; x_wconf 66' lang='lat' dir='ltr'>lietardus</span> <span class='ocrx_word' id='word_1_655' title='bbox 1387 4920 1498 4978; x_wconf 80' lang='lat' dir='ltr'>ultima</span> <span class='ocrx_word' id='word_1_656' title='bbox 1517 4921 1633 4978; x_wconf 74' lang='lat' dir='ltr'>demam</span> <span class='ocrx_word' id='word_1_657' title='bbox 1650 4922 1799 4980; x_wconf 71' lang='lat' dir='ltr'>reserem</span> 
     </span>
     <span class='ocr_line' id='line_1_52' title="bbox 67 4990 1802 5066; baseline -0.002 -16"><span class='ocrx_word' id='word_1_658' title='bbox 67 4994 263 5050; x_wconf 67' lang='lat' dir='ltr'>sommare</span> <span class='ocrx_word' id='word_1_659' title='bbox 284 4993 413 5051; x_wconf 79' lang='lat' dir='ltr'>videtvr.</span> <span class='ocrx_word' id='word_1_660' title='bbox 471 4990 517 5027; x_wconf 79' lang='grc' dir='ltr'>Μ’</span> <span class='ocrx_word' id='word_1_661' title='bbox 542 4993 708 5057; x_wconf 81' lang='lat' dir='ltr'>burchardo</span> <span class='ocrx_word' id='word_1_662' title='bbox 732 4996 763 5050; x_wconf 92' lang='lat' dir='ltr'>b.</span> <span class='ocrx_word' id='word_1_663' title='bbox 791 4997 872 5051; x_wconf 82' lang='grc'>1-11.</span> <span class='ocrx_word' id='word_1_664' title='bbox 929 4993 976 5027; x_wconf 89' lang='grc' dir='ltr'>Μ’</span> <span class='ocrx_word' id='word_1_665' title='bbox 998 4994 1149 5051; x_wconf 89' lang='lat' dir='ltr'>elbedram</span> <span class='ocrx_word' id='word_1_666' title='bbox 1177 4996 1203 5048; x_wconf 78' lang='grc'>1.</span> <span class='ocrx_word' id='word_1_667' title='bbox 1259 4992 1305 5027; x_wconf 86' lang='grc' dir='ltr'>Μ’</span> <span class='ocrx_word' id='word_1_668' title='bbox 1328 4991 1411 5049; x_wconf 79' lang='lat' dir='ltr'>deest</span> <span class='ocrx_word' id='word_1_669' title='bbox 1435 4996 1461 5047; x_wconf 97' lang='grc'><strong>7.</strong></span> <span class='ocrx_word' id='word_1_670' title='bbox 1518 4990 1565 5026; x_wconf 88' lang='grc' dir='ltr'>Μ’</span> <span class='ocrx_word' id='word_1_671' title='bbox 1588 5003 1714 5047; x_wconf 84' lang='lat' dir='ltr'>servare</span> <span class='ocrx_word' id='word_1_672' title='bbox 1738 4991 1802 5066; x_wconf 79' lang='lat' dir='ltr'>port</span> 
     </span>
     <span class='ocr_line' id='line_1_53' title="bbox 98 5060 1800 5123; baseline -0.001 -5"><span class='ocrx_word' id='word_1_673' title='bbox 98 5063 167 5118; x_wconf 78' lang='lat' dir='ltr'>auid.</span> <span class='ocrx_word' id='word_1_674' title='bbox 185 5069 211 5119; x_wconf 95' lang='grc'><strong>7.</strong></span> <span class='ocrx_word' id='word_1_675' title='bbox 267 5062 314 5096; x_wconf 86' lang='grc' dir='ltr'>Μ’</span> <span class='ocrx_word' id='word_1_676' title='bbox 329 5064 415 5121; x_wconf 93' lang='lat' dir='ltr'>obrui</span> <span class='ocrx_word' id='word_1_677' title='bbox 427 5069 453 5120; x_wconf 92' lang='grc'><strong>7.</strong></span> <span class='ocrx_word' id='word_1_678' title='bbox 510 5063 557 5098; x_wconf 88' lang='grc' dir='ltr'>Μ’</span> <span class='ocrx_word' id='word_1_679' title='bbox 569 5066 651 5123; x_wconf 81' lang='lat' dir='ltr'>deest</span> <span class='ocrx_word' id='word_1_680' title='bbox 663 5071 690 5122; x_wconf 89' lang='lat'>7.</span> <span class='ocrx_word' id='word_1_681' title='bbox 745 5064 792 5099; x_wconf 83' lang='grc' dir='ltr'>Μ’</span> <span class='ocrx_word' id='word_1_682' title='bbox 806 5063 962 5123; x_wconf 87' lang='lat' dir='ltr'>burchardi</span> <span class='ocrx_word' id='word_1_683' title='bbox 978 5068 1059 5122; x_wconf 85' lang='lat' dir='ltr'>l·ll.</span> <span class='ocrx_word' id='word_1_684' title='bbox 1116 5064 1161 5098; x_wconf 84' lang='grc' dir='ltr'>’Μ</span> <span class='ocrx_word' id='word_1_685' title='bbox 1177 5064 1243 5121; x_wconf 69' lang='lat' dir='ltr'>inc·</span> <span class='ocrx_word' id='word_1_686' title='bbox 1257 5066 1354 5119; x_wconf 88' lang='lat' dir='ltr'>l0.ll.</span> <span class='ocrx_word' id='word_1_687' title='bbox 1394 5060 1632 5119; x_wconf 72' lang='lat' dir='ltr'>²⁸⁰⁸sidebatllt.</span> <span class='ocrx_word' id='word_1_688' title='bbox 1674 5060 1800 5117; x_wconf 70' lang='lat' dir='ltr'>²⁸“reli-</span> 
     </span>
     <span class='ocr_line' id='line_1_54' title="bbox 98 5128 1795 5200; baseline 0.001 -12"><span class='ocrx_word' id='word_1_689' title='bbox 98 5136 198 5200; x_wconf 74' lang='lat' dir='ltr'>gatum</span> <span class='ocrx_word' id='word_1_690' title='bbox 222 5133 270 5189; x_wconf 81' lang='lat' dir='ltr'>El.</span> <span class='ocrx_word' id='word_1_691' title='bbox 296 5138 322 5190; x_wconf 82' lang='grc'><strong>9.</strong></span> <span class='ocrx_word' id='word_1_692' title='bbox 379 5134 426 5168; x_wconf 86' lang='grc' dir='ltr'>’Μ</span> <span class='ocrx_word' id='word_1_693' title='bbox 439 5136 554 5193; x_wconf 87' lang='lat' dir='ltr'>curavit</span> <span class='ocrx_word' id='word_1_694' title='bbox 578 5137 627 5192; x_wconf 83' lang='lat' dir='ltr'>El.</span> <span class='ocrx_word' id='word_1_695' title='bbox 653 5140 679 5192; x_wconf 82' lang='grc'><strong>9.</strong></span> <span class='ocrx_word' id='word_1_696' title='bbox 735 5135 781 5170; x_wconf 85' lang='grc' dir='ltr'>’Μ</span> <span class='ocrx_word' id='word_1_697' title='bbox 795 5136 876 5194; x_wconf 80' lang='lat' dir='ltr'>deest</span> <span class='ocrx_word' id='word_1_698' title='bbox 897 5139 922 5191; x_wconf 80' lang='lat' dir='ltr'>l.</span> <span class='ocrx_word' id='word_1_699' title='bbox 979 5135 1024 5169; x_wconf 87' lang='grc' dir='ltr'>Μ’</span> <span class='ocrx_word' id='word_1_700' title='bbox 1038 5135 1118 5192; x_wconf 77' lang='lat' dir='ltr'>deest</span> <span class='ocrx_word' id='word_1_701' title='bbox 1139 5141 1164 5192; x_wconf 95' lang='grc'><strong>7.</strong></span> <span class='ocrx_word' id='word_1_702' title='bbox 1192 5138 1230 5189; x_wconf 67' lang='grc'>91.</span> <span class='ocrx_word' id='word_1_703' title='bbox 1286 5131 1332 5166; x_wconf 89' lang='grc' dir='ltr'>’Μ</span> <span class='ocrx_word' id='word_1_704' title='bbox 1348 5131 1504 5189; x_wconf 89' lang='lat' dir='ltr'>commovit</span> <span class='ocrx_word' id='word_1_705' title='bbox 1527 5135 1553 5187; x_wconf 87' lang='lat'>6.</span> <span class='ocrx_word' id='word_1_706' title='bbox 1609 5128 1795 5191; x_wconf 76' lang='lat' dir='ltr'>¹⁸¹¹emta.</span> 
     </span>
     <span class='ocr_line' id='line_1_55' title="bbox 99 5201 1799 5278; baseline -0.001 -21"><span class='ocrx_word' id='word_1_707' title='bbox 99 5201 147 5235; x_wconf 90' lang='grc' dir='ltr'>Μ’</span> <span class='ocrx_word' id='word_1_708' title='bbox 161 5203 204 5258; x_wconf 89' lang='lat' dir='ltr'>eis</span> <span class='ocrx_word' id='word_1_709' title='bbox 220 5203 326 5275; x_wconf 88' lang='lat' dir='ltr'>alpinis</span> <span class='ocrx_word' id='word_1_710' title='bbox 342 5209 380 5262; x_wconf 80' lang='lat'>9⁰.</span> <span class='ocrx_word' id='word_1_711' title='bbox 437 5204 483 5238; x_wconf 89' lang='grc' dir='ltr'>Μ’</span> <span class='ocrx_word' id='word_1_712' title='bbox 497 5205 637 5264; x_wconf 86' lang='lat' dir='ltr'>excitavit</span> <span class='ocrx_word' id='word_1_713' title='bbox 652 5210 677 5262; x_wconf 85' lang='lat' dir='ltr'>l.</span> <span class='ocrx_word' id='word_1_714' title='bbox 694 5206 777 5264; x_wconf 82' lang='lat' dir='ltr'>deest</span> <span class='ocrx_word' id='word_1_715' title='bbox 789 5211 815 5263; x_wconf 83' lang='grc'><strong>6.</strong></span> <span class='ocrx_word' id='word_1_716' title='bbox 830 5212 869 5263; x_wconf 66' lang='grc'><strong>99.</strong></span> <span class='ocrx_word' id='word_1_717' title='bbox 887 5211 929 5263; x_wconf 71' lang='lat' dir='ltr'>lo,</span> <span class='ocrx_word' id='word_1_718' title='bbox 945 5205 1048 5264; x_wconf 88' lang='lat' dir='ltr'>incitat</span> <span class='ocrx_word' id='word_1_719' title='bbox 1056 5207 1128 5278; x_wconf 83' lang='lat' dir='ltr'>post</span> <span class='ocrx_word' id='word_1_720' title='bbox 1140 5205 1209 5263; x_wconf 82' lang='lat' dir='ltr'>edd.</span> <span class='ocrx_word' id='word_1_721' title='bbox 1225 5210 1242 5261; x_wconf 92' lang='grc'><strong>7</strong></span> <span class='ocrx_word' id='word_1_722' title='bbox 1275 5220 1306 5276; x_wconf 92' lang='lat' dir='ltr'>p.</span> <span class='ocrx_word' id='word_1_723' title='bbox 1325 5203 1412 5273; x_wconf 79' lang='lat' dir='ltr'>erigit</span> <span class='ocrx_word' id='word_1_724' title='bbox 1429 5201 1545 5259; x_wconf 88' lang='lat' dir='ltr'>taudem</span> <span class='ocrx_word' id='word_1_725' title='bbox 1559 5204 1589 5257; x_wconf 85' lang='lat' dir='ltr'>d.</span> <span class='ocrx_word' id='word_1_726' title='bbox 1611 5217 1641 5272; x_wconf 92' lang='lat' dir='ltr'>p.</span> <span class='ocrx_word' id='word_1_727' title='bbox 1668 5202 1799 5260; x_wconf 88' lang='lat' dir='ltr'>accendit</span> 
     </span>
     <span class='ocr_line' id='line_1_56' title="bbox 101 5270 1798 5349; baseline -0.001 -21"><span class='ocrx_word' id='word_1_728' title='bbox 101 5275 147 5328; x_wconf 87' lang='lat' dir='ltr'>tl.</span> <span class='ocrx_word' id='word_1_729' title='bbox 189 5270 234 5305; x_wconf 89' lang='grc' dir='ltr'>Μ’</span> <span class='ocrx_word' id='word_1_730' title='bbox 253 5289 309 5331; x_wconf 91' lang='lat' dir='ltr'>uon</span> <span class='ocrx_word' id='word_1_731' title='bbox 327 5290 354 5331; x_wconf 86' lang='lat' dir='ltr'>r.</span> <span class='ocrx_word' id='word_1_732' title='bbox 376 5283 406 5334; x_wconf 95' lang='grc'><strong>7.</strong></span> <span class='ocrx_word' id='word_1_733' title='bbox 447 5275 673 5349; x_wconf 79' lang='lat' dir='ltr'>¹⁸¹⁸proptere.</span> <span class='ocrx_word' id='word_1_734' title='bbox 714 5276 759 5311; x_wconf 84' lang='grc' dir='ltr'>Μ’</span> <span class='ocrx_word' id='word_1_735' title='bbox 775 5277 854 5336; x_wconf 76' lang='lat' dir='ltr'>deest</span> <span class='ocrx_word' id='word_1_736' title='bbox 868 5280 895 5334; x_wconf 81' lang='lat' dir='ltr'>i.</span> <span class='ocrx_word' id='word_1_737' title='bbox 935 5276 1108 5348; x_wconf 70' lang='lat' dir='ltr'>¹⁸sss.p.7.</span> <span class='ocrx_word' id='word_1_738' title='bbox 1147 5275 1193 5309; x_wconf 89' lang='grc' dir='ltr'>Μ’</span> <span class='ocrx_word' id='word_1_739' title='bbox 1208 5274 1262 5331; x_wconf 90' lang='lat' dir='ltr'>deo</span> <span class='ocrx_word' id='word_1_740' title='bbox 1277 5288 1374 5330; x_wconf 81' lang='lat' dir='ltr'>exerc</span> <span class='ocrx_word' id='word_1_741' title='bbox 1392 5272 1499 5331; x_wconf 76' lang='lat' dir='ltr'>desumi</span> <span class='ocrx_word' id='word_1_742' title='bbox 1511 5274 1536 5326; x_wconf 81' lang='lat' dir='ltr'>l.</span> <span class='ocrx_word' id='word_1_743' title='bbox 1576 5272 1622 5305; x_wconf 85' lang='grc' dir='ltr'>’Μ</span> <span class='ocrx_word' id='word_1_744' title='bbox 1638 5287 1669 5328; x_wconf 90' lang='lat' dir='ltr'>u.</span> <span class='ocrx_word' id='word_1_745' title='bbox 1689 5280 1798 5331; x_wconf 83' lang='lat' dir='ltr'>vastata</span> 
     </span>
     <span class='ocr_line' id='line_1_57' title="bbox 100 5341 1798 5416; baseline 0.002 -19"><span class='ocrx_word' id='word_1_746' title='bbox 100 5356 128 5398; x_wconf 91' lang='lat' dir='ltr'>n.</span> <span class='ocrx_word' id='word_1_747' title='bbox 145 5345 252 5414; x_wconf 79' lang='lat' dir='ltr'>pomi.</span> <span class='ocrx_word' id='word_1_748' title='bbox 307 5344 557 5405; x_wconf 72' lang='lat' dir='ltr'>²³²⁰alterverel</span> <span class='ocrx_word' id='word_1_749' title='bbox 606 5348 652 5381; x_wconf 87' lang='grc' dir='ltr'>’Μ</span> <span class='ocrx_word' id='word_1_750' title='bbox 666 5363 775 5405; x_wconf 88' lang='lat' dir='ltr'>annosa</span> <span class='ocrx_word' id='word_1_751' title='bbox 790 5354 816 5405; x_wconf 83' lang='lat' dir='ltr'>ti.</span> <span class='ocrx_word' id='word_1_752' title='bbox 855 5347 901 5381; x_wconf 87' lang='grc' dir='ltr'>’Μ</span> <span class='ocrx_word' id='word_1_753' title='bbox 915 5347 995 5406; x_wconf 81' lang='lat' dir='ltr'>deest</span> <span class='ocrx_word' id='word_1_754' title='bbox 1006 5354 1033 5404; x_wconf 95' lang='grc'><strong>7.</strong></span> <span class='ocrx_word' id='word_1_755' title='bbox 1072 5346 1117 5380; x_wconf 89' lang='grc' dir='ltr'>Μ’</span> <span class='ocrx_word' id='word_1_756' title='bbox 1131 5346 1241 5403; x_wconf 85' lang='lat' dir='ltr'>letatus</span> <span class='ocrx_word' id='word_1_757' title='bbox 1255 5347 1303 5401; x_wconf 79' lang='lat' dir='ltr'>ba.</span> <span class='ocrx_word' id='word_1_758' title='bbox 1360 5343 1406 5378; x_wconf 81' lang='grc' dir='ltr'>Μ’</span> <span class='ocrx_word' id='word_1_759' title='bbox 1422 5357 1526 5416; x_wconf 91' lang='lat' dir='ltr'>preces</span> <span class='ocrx_word' id='word_1_760' title='bbox 1538 5349 1565 5400; x_wconf 92' lang='grc'><strong>7.</strong></span> <span class='ocrx_word' id='word_1_761' title='bbox 1622 5341 1705 5403; x_wconf 78' lang='lat' dir='ltr'>’⁸¹⁸s</span> <span class='ocrx_word' id='word_1_762' title='bbox 1727 5358 1798 5402; x_wconf 85' lang='lat' dir='ltr'>.sue</span> 
     </span>
     <span class='ocr_line' id='line_1_58' title="bbox 63 5391 1795 5554; baseline -0.003 -81"><span class='ocrx_word' id='word_1_763' title='bbox 63 5412 497 5554; x_wconf 44' lang='grc' dir='ltr'>,ὺμ811ᾆυίἐζᾱοεᾞηὲοτε9</span> <span class='ocrx_word' id='word_1_764' title='bbox 554 5391 919 5492; x_wconf 67' lang='grc' dir='ltr'><strong>Μωρνὶιιοίροερομ1</strong></span> <span class='ocrx_word' id='word_1_765' title='bbox 956 5424 985 5476; x_wconf 92' lang='grc'>11</span> <span class='ocrx_word' id='word_1_766' title='bbox 1044 5416 1090 5452; x_wconf 87' lang='grc' dir='ltr'>Μ’</span> <span class='ocrx_word' id='word_1_767' title='bbox 1104 5417 1140 5474; x_wconf 93' lang='lat' dir='ltr'>ab</span> <span class='ocrx_word' id='word_1_768' title='bbox 1156 5418 1204 5473; x_wconf 68' lang='lat' dir='ltr'>El,</span> <span class='ocrx_word' id='word_1_769' title='bbox 1220 5419 1247 5472; x_wconf 80' lang='grc'><strong>7.</strong></span> <span class='ocrx_word' id='word_1_770' title='bbox 1265 5415 1384 5473; x_wconf 74' lang='lat' dir='ltr'>aresti.</span> <span class='ocrx_word' id='word_1_771' title='bbox 1440 5412 1684 5485; x_wconf 76' lang='lat' dir='ltr'>²⁸”quibusdam</span> <span class='ocrx_word' id='word_1_772' title='bbox 1755 5420 1795 5473; x_wconf 89' lang='lat' dir='ltr'>il.</span> 
     </span>
    </p>
   </div>
   <div class='ocr_carea' id='block_1_8' title="bbox 0 0 1909 6000">
    <p class='ocr_par' dir='ltr' id='par_1_11' title="bbox 0 0 1909 6000">
     <span class='ocr_line' id='line_1_59' title="bbox 0 0 1909 6000; baseline 0 0"><span class='ocrx_word' id='word_1_773' title='bbox 0 0 1909 6000; x_wconf 95' lang='lat' dir='ltr'> </span> 
     </span>
    </p>
   </div>
  </div>
 </body>
</html>
