3788 6000
103 219 161 294 175

591 179 778 299 nuperus
798 224 975 296 sessus
995 210 1336 297 rnsvnnmususrs

1749 217 1806 299 lae

103 371 184 422 Anno
198 368 260 438 dal,
277 364 375 426 habita
391 372 436 426 est
453 366 581 442 synodus
598 367 674 442 apud
690 365 860 438 Trosleium,
877 365 924 424 cui
939 367 966 428 Α
985 364 1103 439 (disca.
1117 366 1198 441 Dic.)
1215 366 1297 435 Quod
1313 365 1355 424 illi
1371 373 1538 442 renuentes,
1551 383 1604 442 pro
1617 369 1744 428 Rodulfo
1759 370 1807 427 ifi-

104 458 239 527 praescdit
253 459 395 515 lleriveus
407 461 561 516 Remorum
574 460 823 531 archiepiscopus,
836 457 884 514 ubi
894 463 923 512 et

103 545 224 603 Carolus
235 547 385 612 interfuil;
400 549 448 619 qui
461 549 527 604 inde
540 548 690 618 digressus
703 548 730 604 in
743 562 862 617 regnum
873 548 925 604 Lo·

102 635 189 691 tharii
202 636 283 704 abiit,
295 640 324 692 et
338 638 413 693 facta
426 638 560 708 pactione
571 653 635 693 cum
646 637 781 692 lleinrico
793 636 923 707 principe

11 721 14 724 ’
35 780 41 785 ,
101 725 307 781 Transrenensi
319 726 486 783 Lauduunm
496 726 592 796 rediit,
603 726 863 796 postmodumvero
876 740 924 796 pa-

101 828 163 868 cem
176 829 240 870 cum
251 829 285 870 eo
298 814 433 871 firmavit.
445 815 598 870 Normanni
612 815 696 870 fidem
709 814 814 870 Christi
827 829 923 871 susce-

102 909 208 973 perunt
232 908 355 973 cogente
378 905 506 958 lieberto
530 904 652 969 comite;
671 903 723 959 hoc
742 903 829 959 etiam
847 918 921 959 anno

101 991 262 1048 Richardus
273 991 452 1061 instillantes
467 993 549 1049 obiit.

137 1079 245 1151 [fnum]
270 1083 350 1135 hinnu
375 1081 507 1150 sequenti
533 1095 652 1150 reguum
674 1080 861 1135 Lethariense
884 1080 921 1135 ob

99 1169 354 1239 persequutionem
365 1168 520 1225 Gislebcrti
530 1174 559 1224 el
571 1169 689 1226 Ottonis
699 1166 819 1240 rapinis,
832 1169 921 1224 sacri-

99 1257 194 1327 legiis,
208 1257 360 1328 incendiis,
374 1258 462 1313 ctiam
475 1263 606 1329 tompore
619 1257 860 1329 quadragesimae,
873 1274 921 1314 va-

98 1350 201 1403 statur.
234 1347 397 1413 llicharius,
426 1347 472 1416 qui
498 1348 616 1402 llomam
646 1348 796 1418 profectus
825 1348 920 1403 fuerat

99 1440 220 1506 propter
236 1436 415 1506 episcopium
437 1438 613 1506 Tungrcnse,
631 1451 769 1493 reversus
784 1440 826 1492 est
843 1436 920 1492 ordi·

97 1526 184 1579 natus
201 1537 214 1578 a
229 1523 358 1580 iohanne
383 1538 457 1595 papa
477 1525 512 1579 lll
528 1524 695 1596 episcopus,
723 1523 858 1580 llilduiuo
883 1525 918 1579 ab

98 1611 162 1681 ipso
178 1625 251 1683 papa
267 1613 528 1668 excommunicato.
542 1614 636 1682 linogo
647 1611 792 1670 Tullcnsis
807 1613 919 1684 episco-

981 457 1804 530 einardijustitiariidlioinsurgundiamtransmiserunt,

981 546 1029 616 qui
1046 560 1135 617 ocyus
1150 561 1214 602 cum
1236 546 1325 603 multa
1346 563 1465 605 suorum
1488 563 1574 605 manu
1588 549 1647 606 illis
1662 550 1803 620 occurrit,

979 637 1008 688 et
1022 634 1126 690 carolo
1136 639 1219 690 trans
1231 636 1335 691 llosam
1349 636 1521 705 refugiente,
1536 637 1597 707 ipse
1609 651 1661 692 rex
1670 639 1748 708 apud
1758 653 1806 694 ur-

980 724 1043 778 bem
1065 722 1279 781 suessionicam
1302 725 1484 781 constitutus
1502 728 1558 795 cst,
1576 731 1605 781 et
1622 727 1697 782 Boso
1712 728 1805 782 frater

978 811 1041 881 eius
1053 826 1104 868 rex
1116 812 1216 869 Galliae
1228 813 1391 885 superioris
1406 828 1470 885 quae
1487 814 1604 870 connata
1617 815 1725 872 dicitur
1736 830 1804 872 eon·

978 900 1102 957 stitutus
1117 906 1173 972 cst,
1192 901 1220 956 id
1236 907 1282 958 est
1297 902 1471 972 Burrgundiae
1488 903 1661 974 superioris,
1675 912 1704 960 ct
1720 905 1802 974 lingo

977 988 1079 1059 Capito
1096 989 1154 1044 dux
1175 990 1350 1060 Burgundiae
1366 991 1524 1046 inferioris.
1543 992 1618 1047 Socii
1635 1007 1705 1048 vero
1722 993 1802 1049 defe-

976 1076 1081 1132 ctionis
1093 1077 1214 1135 interitu
1227 1078 1346 1134 liuberti
1360 1093 1541 1150 nequaquam
1556 1080 1663 1151 territi,
1672 1080 1802 1152 perlldiae

976 1179 1035 1222 sua>
1046 1181 1102 1222 non
1117 1167 1274 1223 deseruere
1285 1168 1508 1236 contumaciam,
1522 1183 1608 1239 quam
1621 1170 1720 1241 polius
1732 1172 1803 1227 Her-

976 1258 1077 1312 bcrlus
1103 1256 1220 1312 infando
1237 1256 1349 1313 scclcrc
1366 1257 1534 1312 traditionis
1550 1258 1697 1314 dominum
1714 1274 1800 1316 suum

976 1358 1132 1415 regemque
1158 1345 1250 1401 tutius
1276 1346 1403 1401 franciae
1430 1346 1564 1401 carolum
1590 1346 1657 1403 dolo
1681 1352 1801 1419 captum

975 1432 1158 1504 vinculisque
1180 1434 1338 1504 irretitum,
1363 1436 1521 1490 Parronam
1542 1435 1626 1491 duxit
1640 1437 1801 1493 tenebroso

974 1522 1102 1578 carceris
1117 1522 1264 1578 dornicilio
1281 1523 1500 1579 recludendum.
1516 1525 1551 1579 Et
1565 1523 1632 1594 quia
1644 1525 1726 1594 regni
1743 1530 1801 1582 sla-

976 1614 1025 1665 tus
1052 1610 1114 1666 sine
1139 1611 1270 1682 principe
1294 1611 1436 1681 agebatur
1452 1611 1479 1666 iu
1496 1611 1650 1683 incertum,
1677 1615 1801 1670 maxime

97 1715 153 1770 pus
168 1700 255 1766 obiit;
272 1700 428 1758 Gauzfinus
441 1701 596 1771 successit,
608 1702 655 1772 qui
668 1702 753 1758 etiam
767 1701 919 1758 ordinatus
933 1722 961 1783 Β
976 1714 1041 1755 cum
1058 1700 1169 1770 Hugoni
1191 1701 1310 1756 llobcrti
1333 1699 1401 1770 hlio,
1418 1701 1466 1772 qui
1484 1707 1549 1773 post
1567 1702 1668 1773 probis
1684 1703 1802 1760 actibus

97 1792 142 1843 cst
153 1792 185 1842 ld
198 1789 258 1845 llal.
272 1789 390 1861 Aprilis.
409 1789 468 1859 (fol.
482 1791 539 1861 dl.)
557 1790 618 1856 Quo
629 1791 717 1845 eliam
730 1805 805 1845 anno
820 1805 920 1846 conse·
976 1786 1067 1856 Magni
1084 1803 1187 1843 nornnen
1214 1788 1385 1859 promeruit,
1413 1789 1535 1860 puerilis
1552 1791 1713 1847 obsisteret
1729 1797 1800 1848 aetas

96 1883 197 1933 cratus
216 1876 242 1932 in
260 1892 356 1948 regem
379 1877 536 1935 liebertus.
559 1881 589 1934 ul
607 1878 805 1950 praediximus,
825 1878 918 1950 palam
976 1877 1131 1945 quominus
1157 1876 1253 1947 regias
1272 1883 1437 1933 assumeret
1462 1878 1585 1948 infulas,
1612 1885 1640 1935 ct
1662 1881 1799 1936 llerberli

97 1965 204 2022 invasit
218 1965 412 2036 tyrannidem.
431 1967 573 2022 lleriveus
597 1968 752 2023 horrorum
778 1967 920 2038 archiepi-
974 1969 1099 2020 cunctos
1115 1970 1243 2021 moveret
1261 1966 1369 2036 odium,
1384 1966 1506 2023 maxime
1522 1981 1594 2037 quos
1608 1968 1799 2025 humanitatis

96 2069 203 2126 scopus
215 2054 261 2111 dic
273 2056 359 2111 tertia
373 2060 441 2127 post
455 2056 704 2111 consecrationem
715 2056 833 2111 Robusti
847 2055 920 2112 obiit
975 2059 1111 2124 respectu
1128 2054 1163 2109 ad
1181 2053 1410 2110 misericerdiam
1426 2070 1562 2111 aerumma
1579 2057 1719 2127 principis
1735 2071 1799 2127 per·

95 2147 179 2199 sexto
195 2144 290 2201 Nonas
305 2144 382 2211 iulii,
400 2148 600 2215 antequamih
610 2145 653 2201 sui
669 2145 857 2217 episcopatus
872 2160 920 2200 cx·
975 2142 1119 2211 movebat,
1139 2141 1264 2212 tandem,
1284 2147 1315 2198 ut
1332 2143 1444 2214 praefati
1466 2159 1577 2208 sumus,
1595 2143 1738 2201 flodulfus
1754 2160 1799 2202 re

95 2233 189 2302 pleret
203 2248 318 2299 annuns
335 2234 381 2290 cui
398 2234 546 2292 suecessit
563 2234 677 2289 sculfus
693 2238 762 2289 tune
776 2234 919 2290 archidia-
973 2229 1075 2299 genuae
1085 2231 1245 2302 praeficitur
1256 2232 1393 2303 Franciae,
1403 2235 1431 2287 et
1440 2233 1608 2302 sicrcgnum
1621 2235 1797 2291 Francorum

94 2336 194 2378 conus.
214 2323 360 2379 hebertus
378 2321 467 2378 fllium
484 2338 567 2379 suum
584 2325 731 2392 Hugonem
753 2323 779 2377 in
796 2337 917 2392 reguum
975 2319 1010 2374 ad
1025 2323 1196 2375 extraneum
1223 2320 1409 2375 transfertur.
1437 2321 1489 2387 Qui
1514 2321 1637 2394 adeptus
1654 2323 1735 2400 regni
1753 2338 1799 2380 so-

94 2408 222 2465 Lotharii
235 2411 336 2466 mittit.
351 2411 404 2477 Qui
417 2411 548 2483 acceptis
558 2411 917 2482 obsidibnsaqnihusdam
974 2406 1053 2477 liunt,
1071 2413 1100 2463 et
1116 2409 1144 2463 in
1161 2408 1399 2466 malefactoribus
1413 2410 1466 2466 fuit
1483 2409 1561 2466 ullor
1577 2425 1710 2482 severus,
1723 2416 1752 2466 ct
1769 2413 1797 2468 in

95 2498 345 2571 Lethariensibus,
375 2500 411 2556 ad
436 2507 548 2572 patrem
575 2501 725 2556 remeavit.
753 2500 916 2556 obsederat
973 2496 1292 2554 coercendishostibus
1304 2513 1452 2570 regnoque
1463 2499 1795 2570 tuendosagacissimus.

94 2587 170 2643 enim
183 2587 306 2645 lfarofus
320 2589 545 2660 Capraemortem
558 2596 687 2645 castrum
700 2588 867 2659 Gislcbcrti,
881 2588 917 2644 ad
972 2583 1042 2653 Ejus
1060 2585 1087 2640 in
1104 2585 1208 2642 diebus
1230 2588 1372 2643 banorum
1389 2592 1417 2642 ct
1434 2589 1664 2645 Normannorum
1689 2588 1796 2646 iterum

94 2676 170 2745 quod
184 2674 366 2734 liberandum
385 2677 543 2749 praedictus
566 2679 647 2747 Hugo
664 2677 770 2734 missus
783 2683 840 2747 cst,
859 2691 916 2747 quo

92 2768 253 2834 comperto,
270 2757 392 2821 llarolu's
407 2764 590 2821 obsidionem
607 2765 736 2837 reliquit.

129 2854 211 2908 dnuo
228 2853 283 2909 inc.
295 2854 374 2910 Dom.
392 2855 453 2922 922,
472 2853 547 2925 apud
570 2855 755 2910 Carueracum
778 2853 915 2912 visisunt

94 2945 155 2998 tres
170 2939 246 2998 soles
257 2941 285 2997 in
297 2941 360 2999 celo
375 2941 458 3012 quasi
474 2956 626 3014 apparere,
639 2942 686 2998 vel
698 2941 741 2998 sol
753 2946 815 2999 tres
830 2944 916 3000 orbes

91 3045 106 3086 a
119 3031 286 3088 seinvicem
301 3032 447 3089 distantes
461 3031 578 3102 habere,
593 3032 650 3089 duo
668 3047 785 3103 quoque
802 3031 915 3104 spicula

91 3122 120 3174 et
135 3117 193 3174 duo
209 3117 326 3189 stipites
341 3117 395 3175 visi
410 3124 478 3174 sunt
502 3118 556 3173 sibi
574 3118 806 3190 propinquantes
821 3118 915 3174 donec

91 3211 158 3261 sunl
175 3207 323 3278 cooperti;
340 3211 368 3262 et
385 3211 564 3263 terremotus
577 3207 680 3263 faetus.

33 3293 34 3296 ’
129 3294 207 3366 (Cot.
234 3295 327 3366 pont.)
353 3294 475 3350 iohanni
501 3293 570 3349 Vllll
596 3310 678 3366 papae
707 3300 917 3352 successerunt

94 3381 279 3452 Benedictus,
290 3382 357 3453 leo,
369 3383 581 3453 christoforus,
592 3384 718 3455 Sergius,
733 3385 914 3453 Anastasius,

95 3470 200 3541 hundo,
217 3471 363 3527 lohannes
379 3472 410 3527 ll.

972 2673 1133 2730 adveniunt
1149 2674 1319 2746 phalanges,
1334 2681 1363 2732 et
1380 2690 1436 2732 non
1457 2675 1550 2733 solum
1567 2677 1728 2749 franciam,
1745 2679 1797 2735 sed

973 2767 1108 2817 ettotam
1126 2777 1299 2834 percurrere
1310 2765 1514 2835 burgundiam.
1529 2766 1635 2822 Contra
1652 2781 1728 2837 quos
1744 2770 1800 2824 llo·

973 2850 1071 2908 dulfus
1086 2852 1212 2922 sumptis
1233 2852 1322 2909 armis
1338 2853 1376 2908 ita
1393 2858 1546 2925 protervos
1565 2870 1666 2912 eorum
1682 2870 1799 2929 compe-

973 2937 1050 2992 scuit
1068 2936 1205 3009 impetus,
1219 2942 1251 2994 ut
1268 2952 1360 3009 usque
1375 2955 1449 2997 nunc
1463 2938 1571 2996 Gallias
1587 2941 1622 2996 ab
1637 2956 1740 2998 eorum
1756 2942 1798 2997 in·

973 3025 1110 3082 cursione
1127 3026 1213 3082 faciat
1229 3042 1345 3082 manere
1361 3027 1488 3098 quietas.
1513 3029 1589 3084 Tunc
1606 3028 1735 3087 delatum
1751 3037 1798 3087 est

972 3128 1080 3184 corpus
1097 3115 1191 3171 sancti
1205 3115 1327 3185 Benigni
1349 3116 1486 3186 rnartyris
1501 3116 1575 3172 infra
1594 3132 1692 3175 muros
1704 3120 1795 3175 castri

972 3202 1168 3274 divionensis,
1184 3208 1214 3259 et
1230 3203 1268 3258 ibf
1285 3209 1432 3260 servatum
1446 3205 1471 3259 in
1485 3204 1608 3261 ecclesia
1625 3207 1718 3262 sancti
1730 3207 1795 3263 llin-

972 3290 1071 3346 ceulii.
1092 3291 1200 3364 [iheu]
1216 3291 1277 3348 lllis
1295 3293 1392 3363 itaque
1405 3294 1493 3350 rebus
1509 3293 1639 3351 intentus
1653 3294 1799 3353 flodulfus

972 3380 1087 3450 legales
1104 3380 1206 3437 habuit
1220 3382 1451 3438 Lethariensium
1465 3397 1493 3439 se
1506 3387 1535 3439 et
1547 3398 1596 3440 sua
1613 3382 1654 3438 illi
1672 3383 1799 3441 subden-

974 3468 1056 3524 tium.
1075 3469 1135 3540 (lol.
1153 3468 1219 3541 dl’.)
1235 3472 1320 3526 Juxta
1345 3471 1502 3527 llosomum
1519 3486 1590 3541 ergo
1607 3472 1797 3531 obviantibus

129 3558 239 3632 [Faeni
267 3562 349 3616 Anno
374 3559 410 3616 ab
435 3559 491 3617 ine.
516 3562 595 3616 bom.
617 3564 678 3629 sis,
696 3561 914 3632 indictionem,
972 3556 1015 3612 illi
1031 3557 1281 3619 Lethariensibus.
1294 3559 1662 3631 suscipiunturall‘igerio
1676 3561 1798 3618 Metten-

91 3651 240 3707 llobcntus
268 3649 418 3721 profectus
441 3649 469 3703 in
497 3664 616 3718 regnum
639 3649 828 3706 Lethariense
850 3664 915 3706 cum
972 3644 1045 3701 sium
1073 3646 1207 3718 presule,
1223 3651 1253 3700 et
1269 3661 1342 3702 uxor
1366 3646 1430 3717 eius
1454 3649 1551 3703 Emrua
1576 3648 1654 3719 regis
1674 3650 1795 3706 lloberti

91 3739 228 3796 llciurieo
241 3742 357 3809 pactum
371 3737 445 3808 iniit,
457 3742 485 3793 et
499 3738 576 3793 datis
589 3739 734 3810 utrimque
746 3739 916 3796 muneribus
973 3733 1040 3805 filia,
1059 3735 1174 3790 iuterim
1186 3750 1201 3790 s
1213 3733 1311 3803 Seulfp
1323 3740 1513 3792 consecratur
1526 3737 1634 3806 regina.
1652 3736 1797 3796 liedulfus

92 3827 254 3885 discessum
272 3831 331 3892 est;
353 3825 403 3883 ubi
429 3826 517 3882 ctiam
543 3827 659 3898 quidam
683 3826 914 3884 lothariensium
973 3823 1242 3881 ahethariensibus
1259 3823 1432 3894 quibusdam
1443 3825 1594 3881 obsidibus
1604 3825 1735 3897 acceptis
1752 3840 1794 3883 re-

91 3916 210 3974 obsides
224 3917 353 3973 Rolierto
368 3914 523 3983 dederunt,
536 3920 565 3970 ct
577 3915 709 3972 inducias
726 3921 912 3987 acceperunt.
972 3912 1107 3969 vertitur.
1128 3914 1167 3968 Eo
1188 3928 1263 3969 arnno
1285 3913 1364 3969 llado
1390 3912 1615 3970 virdunensium
1639 3915 1795 3987 episcopus

92 4004 213 4064 Carolus
224 4020 294 4062 vero
306 4019 370 4061 cum
381 4004 443 4060 suis
455 4004 696 4060 Lethariensibus
706 4004 837 4061 inducias
848 4019 915 4061 con·
970 4000 1042 4056 obiit
1058 4002 1170 4058 exactis
1184 4002 1210 4058 in
1224 4002 1396 4074 episcopatu
1410 4003 1545 4073 38annis,
1562 4008 1591 4058 et
1606 4004 1682 4059 inter
1698 4003 1794 4076 sepul-

92 4096 287 4167 friugentibus
311 4096 418 4151 lfosam
443 4093 598 4164 transiens,
625 4094 768 4151 suburbe
785 4094 915 4151 Suessio-
969 4106 1018 4147 cra
1036 4092 1284 4162 praedecessorum
1301 4106 1419 4148 suorum
1435 4092 1641 4163 episcoporum
1657 4092 1685 4148 in
1699 4093 1794 4150 eccle-

91 4185 166 4255 nica,
182 4184 229 4241 ubi
245 4184 406 4240 hebertum
423 4183 526 4238 sedere
541 4188 723 4254 compererat
742 4183 824 4254 abiit,
840 4188 868 4239 et
885 4183 913 4238 in
970 4179 1012 4235 sia
1039 4180 1130 4237 saneti
1158 4180 1253 4236 vitoni
1278 4180 1451 4250 condignam
1475 4180 1655 4252 sepulturam
1676 4182 1792 4239 meruit.

90 4273 252 4330 crastinum
269 4272 316 4328 die
332 4271 485 4341 dominica,
499 4272 569 4327 hora
582 4278 664 4327 sexta
678 4271 736 4340 jnm
751 4271 911 4342 praelerita,
969 4268 1164 4340 Episcopatus
1175 4268 1641 4340 virdunensisflugonialiedulfo
1651 4284 1719 4340 rege
1727 4285 1796 4327 ccu-

90 4361 210 4417 Francis
221 4360 355 4432 proelium
371 4374 428 4414 uon
440 4359 637 4430 sperantibus,
652 4358 785 4430 plurimis
797 4373 912 4430 quoque
968 4356 1093 4426 ceditur,
1111 4357 1218 4428 quique
1235 4362 1300 4429 post
1318 4358 1379 4415 haec
1393 4358 1490 4415 llcmis
1506 4374 1521 4415 a
1539 4357 1636 4415 Senlfo
1651 4358 1796 4432 archiepi-

90 4448 314 4521 prandentibus,
328 4449 455 4502 Axonam
471 4447 598 4516 transiit,
612 4451 639 4502 et
652 4462 741 4518 super
752 4448 912 4503 llobertum
927 4438 954 4498 D
969 4460 1059 4517 scopo
1074 4449 1276 4502 consecratur.

91 4534 234 4591 irruitht
247 4531 295 4588 ille
309 4533 565 4604 armatiseisquos
578 4548 676 4590 secum
693 4534 828 4603 habebat,
845 4547 914 4588 eon·
1005 4537 1086 4590 hnno
1114 4537 1175 4591 924.
1198 4533 1358 4591 indictione
1378 4534 1421 4607 12,
1442 4536 1569 4607 Hungarl
1598 4536 1688 4594 ductu
1715 4535 1793 4607 regis

969 4623 1147 4694 Berengarii,
1171 4639 1254 4695 quem
1274 4624 1455 4694 Langobardi
1483 4624 1662 4696 repulerant,
1679 4622 1792 4680 ltaliam

968 4711 1194 4784 depopulantur,
1212 4712 1328 4783 Papiam
1347 4727 1462 4783 quoquc
1484 4712 1584 4769 urbem
1600 4712 1792 4784 populosissi-

92 4629 137 4681 tra
150 4623 307 4695 processit,
316 4623 532 4694 commissoque
544 4621 644 4694 praelio
656 4622 756 4679 multis
765 4622 913 4693 utrimque

92 4712 276 4782 cadentibus,
287 4712 434 4768 liebertus
444 4726 560 4783 quoquc
569 4712 660 4768 laneei
665 4727 678 4768 s
690 4711 838 4784 perfossus
848 4726 914 4782 pro·

91 4802 203 4859 cubuit.
217 4801 360 4857 llitamen
373 4801 517 4872 quierant
534 4816 599 4857 cum
617 4801 755 4871 lieberto,
768 4801 849 4869 Hugo
860 4799 914 4856 sei·

90 4888 161 4948 licet
173 4891 250 4947 filius
261 4889 333 4961 eius,
342 4895 369 4946 et
383 4890 557 4947 Horibcrlus
568 4905 666 4946 colunes
676 4888 910 4960 vermandensis,

89 4980 283 5035 cuurcaelcris
306 4980 428 5036 victoria
455 4979 553 5051 potiti,
568 4977 701 5035 Carolum
727 4993 791 5034 cum
811 4978 913 5034 Letha-

91 5065 237 5122 riensibus
253 5067 281 5121 in
298 5068 394 5138 fugam
417 5071 551 5135 vertunl;
578 5066 629 5123 sed
645 5068 682 5123 ob
697 5072 818 5123 mortem
834 5067 912 5137 regis

92 5154 913 5227 suipersequidestiterunt,campumobtinuerunt;spo·

91 5243 130 5299 lia
146 5257 161 5298 a
178 5243 335 5299 rusticanis
355 5243 470 5315 direpta
490 5247 567 5299 sunt.
590 5245 793 5301 lotharienses
809 5245 912 5301 relicto

89 5331 166 5388 intra
182 5346 301 5402 regnum
320 5333 448 5390 francisc
461 5333 575 5405 carolo,
592 5340 780 5392 revertuntur
798 5334 833 5390 ad
849 5350 910 5405 sua,

1 5425 3 5434 '
88 5419 137 5491 qui
148 5419 247 5477 multis
258 5419 456 5490 legationibus
465 5422 638 5479 lierbertum
650 5424 784 5480 comitem
795 5425 824 5478 et
836 5421 915 5479 Seul·

87 5510 146 5568 ulm
163 5509 425 5599 archiepiscopum,
444 5516 475 5569 ut
487 5512 523 5568 ad
535 5527 586 5572 sua
598 5517 785 5572 revertantur
797 5519 909 5571 exorat.

968 4815 1041 4857 mam
1058 4804 1086 4857 et
1103 4800 1356 4872 opulentissimam
1373 4801 1438 4871 igne
1453 4801 1645 4872 succendunt,
1659 4800 1707 4858 ubi
1720 4815 1791 4874 opes

967 4890 1083 4962 periere
1104 4890 1273 4960 innumerae,
1295 4890 1426 4947 ecclesiae
1450 4891 1643 4961 quadraginta
1665 4894 1791 4961 quatuor

968 4977 1794 5051 ignesucccnsae,urbisipsiuscpiscopuscumVereellen·

969 5083 1010 5137 sc,
1025 5067 1073 5138 qui
1086 5081 1185 5123 secum
1196 5071 1271 5137 erat,
1282 5067 1347 5137 igne
1360 5068 1496 5140 fumoque
1507 5071 1693 5138 necatusest,
1704 5072 1793 5139 atque

968 5171 1004 5212 cx
1019 5154 1068 5211 illa
1084 5169 1158 5227 pene
1175 5155 1377 5212 innumerabili
1394 5155 1582 5214 multitudine
1597 5154 1717 5214 ducenti
1729 5158 1794 5214 tan·

968 5249 1029 5300 tum
1041 5244 1223 5316 superfuisse
1236 5250 1443 5316 memorantur,
1457 5246 1505 5317 qui
1516 5260 1553 5302 ex
1564 5243 1698 5318 reliquiis
1709 5246 1793 5304 urbis

968 5333 1104 5404 incensae,
1123 5348 1195 5404 quas
1213 5334 1289 5390 inter
1304 5334 1418 5392 cineres
1433 5334 1575 5407 legerant,
1594 5335 1707 5392 modios
1723 5341 1792 5393 octo

968 5421 1113 5480 dederunt
1126 5422 1279 5495 ilungaris,
1293 5423 1382 5482 vitam
1391 5428 1420 5481 et
1433 5439 1532 5482 muros
1545 5423 1675 5483 civitatis
1691 5437 1791 5483 vacuae

968 5511 1792 5591 redimentes.Quibusexpletis‚perubruptsgradientes
