3788 6000
136 157 196 223 ate

614 158 796 225 bodoma
817 156 995 221 Aesaris
1018 161 1356 232 stavlrdddss'sts

1777 172 1835 235 aad

137 291 347 365 incrastinum,
357 308 421 352 cum
431 293 621 355 omniauobis
632 296 802 370 perturbata
816 294 959 368 relinque
973 298 1001 354 Α
1051 300 1109 358 tice
1133 307 1229 360 autem
1256 302 1308 361 luit
1333 300 1449 363 occasio
1469 299 1615 362 modemae
1630 300 1834 379 dissensionis,

138 391 194 455 ret,
207 385 307 454 exivit,
319 390 349 440 et
362 399 412 456 per
423 385 485 441 dies
497 392 530 443 td
542 388 648 458 qiiibus
661 388 728 443 iuibi
743 391 873 442 moratus
883 402 957 456 sum,

139 477 960 545 tautasuuvartatuseustodia,utomuisruibiuegaretur

139 564 174 621 ad
192 562 340 635 publicum
362 579 528 635 processus
549 566 675 621 omnium
696 567 730 622 ad
751 579 795 619 rue
810 569 960 621 vetaretur

138 653 958 723 accessus;etuousolumuullaiuvestituraeirrelioratio,

138 755 240 797 verum
264 742 358 798 omnis
379 756 447 811 erga
468 758 511 797 ure
531 744 656 799 omnium
674 758 768 798 rerum
787 743 960 813 procederet

139 828 338 899 deterioratio,
358 829 415 885 iltis
437 831 570 902 privatim
586 837 616 886 et
632 831 747 902 politice
764 846 815 903 per
832 832 913 887 devia
930 835 960 886 et

138 916 300 974 facinorosa
313 918 427 990 impune
439 919 653 989 gradientibus
666 927 694 975 ct
708 920 736 974 iu
748 918 828 976 nulio
845 919 961 989 religio-

138 1005 183 1060 nis
198 1010 308 1062 statuta
325 1008 522 1073 servantibus,
540 1007 611 1063 adeo
623 1015 655 1064 ut
667 1013 788 1079 propter
803 1024 903 1065 eurum
920 1009 961 1062 iu·

138 1093 336 1163 corrigibilem
351 1099 379 1151 et
401 1095 563 1165 pudendam
580 1098 841 1166 conversationem,
858 1102 885 1153 ct
905 1113 962 1152 ma·

137 1180 214 1236 aicae
226 1183 291 1250 uvaia
305 1183 505 1240 inobedientes
523 1190 605 1240 el'tlltt
618 1187 766 1257 preceptis
779 1187 958 1258 apostolicis,

137 1268 331 1341 compellerer
340 1272 958 1342 egredi,doueclinitocouciiiol‘ietaveusi,

141 1357 189 1413 ubi
211 1359 354 1416 derauso
380 1360 521 1417 Edueusis
548 1363 703 1425 invasoris,
729 1362 812 1431 cavius
835 1364 959 1419 tuitione

138 1460 238 1502 eorum
261 1448 348 1502 lectio
368 1451 589 1520 protegebatur,
612 1451 746 1507 diffinitio
766 1452 914 1519 syrrodalis
930 1456 958 1507 et

137 1537 276 1592 canonica
291 1540 513 1608 expectabatur,
529 1539 690 1607 legatorum
706 1541 830 1596 consilio
841 1547 871 1596 et
883 1540 960 1609 judi-

1016 390 1081 460 uuia
1106 391 1260 450 videbatur
1282 393 1325 449 eis
1349 399 1469 465 propter
1486 393 1706 465 permissionem
1731 411 1838 467 praece·

1016 486 1093 552 ptam
1113 482 1140 537 iu
1163 482 1270 540 litteris
1290 484 1491 541 faciendarum
1508 499 1592 541 manu
1614 485 1729 541 abbatis
1745 485 1825 543 [livio

1015 571 1122 641 nensis,
1139 573 1214 629 veile
1226 588 1270 628 me
1282 573 1527 630 flaviniacensem
1537 572 1698 630 aecclesiam
1711 573 1837 631 subdere

1015 659 1118 716 ditioui
1134 661 1330 727 biuioueus's;
1348 663 1424 733 uirod
1441 677 1494 733 ego
1506 676 1558 718 uec
1574 675 1772 734 speraveram,
1787 677 1837 720 uec

1014 748 1155 804 volebam.

1051 828 1121 898 (Ροί.
1139 831 1221 902 tta’.)
1238 832 1267 886 lu
1284 830 1383 902 spacio
1401 829 1490 900 igitur
1504 829 1646 901 temporis
1662 845 1721 900 quo
1736 831 1836 888 Valen-

1015 918 1129 974 tiucuse
1143 916 1323 976 celebratum
1344 925 1390 974 cst
1405 918 1570 988 concilium,
1588 916 1835 991 obiit-wibertus,

1014 1010 1049 1063 ad
1064 1021 1139 1062 anuo
1161 1023 1196 1062 cx
1220 1022 1277 1078 uuo
1294 1008 1389 1063 sedem
1414 1006 1521 1063 invasit
1544 1006 1748 1078 apostolicam,
1773 1024 1836 1065 cum

1015 1094 1136 1150 babcrrt
1154 1095 1181 1150 iu
1196 1097 1332 1167 captione
1357 1097 1597 1152 matisconensem
1621 1095 1793 1167 episcopum
1808 1102 1837 1153 et

1015 1182 1088 1238 alios
1106 1185 1302 1256 quamplures
1327 1183 1474 1240 clericalis
1497 1183 1619 1254 ordinis,
1644 1197 1718 1254 quos
1740 1199 1838 1242 omnes

1015 1286 1068 1342 pro
1084 1273 1268 1329 absolutione
1280 1287 1332 1329 sua
1351 1274 1376 1328 in
1392 1288 1512 1343 egressu
1528 1287 1579 1329 suo
1595 1287 1647 1343 per
1658 1287 1688 1329 se
1701 1273 1836 1342 absolvit,

1015 1373 1134 1416 nroueus
1160 1361 1339 1433 episcopum,
1358 1365 1389 1418 ut
1406 1362 1524 1416 Romam
1550 1375 1682 1416 remeans
1698 1361 1775 1431 apud
1793 1375 1840 1432 pa·

1016 1461 1142 1519 pampro
1154 1464 1204 1504 sua
1216 1449 1363 1505 laboraret
1375 1449 1536 1520 ereptione.
1549 1447 1601 1514 Qui
1613 1462 1716 1519 papam
1726 1448 1836 1516 adiens,

1016 1537 1146 1607 repperit
1162 1537 1199 1592 ibi
1221 1537 1333 1607 legatos
1358 1537 1490 1594 ccclesiae
1513 1536 1657 1592 Educusis
1679 1550 1771 1609 super
1787 1551 1837 1593 suo

137 1624 182 1679 cio
192 1626 343 1695 negocium
355 1628 495 1683 aecclesia,
506 1628 698 1685 ventilaretur
709 1648 715 1682 z
728 1634 786 1684 tuuv
800 1630 956 1700 praecipue,
974 1647 1000 1706 Β
1015 1624 1156 1696 episcope
1171 1641 1223 1682 rou
1238 1625 1387 1696 mirantes,
1401 1629 1429 1681 et
1445 1629 1528 1695 gesta
1542 1623 1658 1680 concilii
1674 1625 1838 1680 reserentes

62 1756 68 1771 ,
139 1713 205 1781 quia
216 1714 249 1768 ad
262 1714 487 1784 propulsandam
498 1715 576 1772 illius
586 1716 711 1772 malivoli
724 1717 876 1773 iufaustum
889 1732 960 1788 prau-

137 1799 283 1870 lationem‚
298 1803 421 1872 uraj0res
431 1804 457 1858 iu
468 1804 600 1860 aeeclesia
613 1805 748 1873 Edueusi,
762 1820 884 1876 oritarum
896 1811 959 1860 crat

137 1888 215 1944 istud
233 1892 323 1947 nostri
340 1891 455 1947 discidii
471 1907 563 1961 genus
579 1893 726 1963 dirimere,
744 1893 960 1949 Pictavisabie·

138 1981 214 2047 rant,
232 1977 295 2033 siue
307 1979 412 2048 uiribus
428 1981 595 2036 vecordium
614 1981 866 2053 praesumptionen
880 1984 960 2053 pote-

138 2069 184 2119 rat
199 2067 361 2122 coherceri.
380 2068 551 2124 lliscrabilis
563 2075 590 2124 et
604 2084 726 2140 prorsus
741 2070 895 2140 desperata
911 2071 961 2125 bu-

134 2152 260 2222 jusmodi
279 2153 423 2211 bominum
441 2158 641 2227 praesuruptio,
656 2158 704 2227 qvii
717 2172 767 2213 uec
780 2159 867 2212 Denvu
881 2173 961 2212 reve-

138 2246 240 2296 rentur
257 2256 309 2297 nec
326 2242 465 2314 hormines,
482 2244 549 2299 dum
566 2245 737 2300 intermerata
751 2260 764 2299 a
777 2244 877 2300 seculo
890 2261 961 2315 pirae-

138 2335 222 2400 eepta
234 2335 375 2401 spernunt
387 2332 560 2403 apostolica,
572 2337 602 2389 et
613 2333 799 2388 interdictum
816 2348 960 2404 usurpare

138 2422 960 2492 noriuretvvuutdivinumolliciuurlb'oudubiumquiueos

138 2505 172 2559 ad
187 2506 261 2562 buuc
271 2506 355 2562 duem
366 2508 482 2564 duxerit
493 2509 577 2578 digua
590 2509 764 2578 necessitas,
776 2513 806 2563 ut
818 2509 883 2579 quia
895 2524 961 2565 eorr-

137 2596 325 2664 tempueutes
341 2597 440 2665 Dcuur,
454 2611 506 2650 nec
523 2598 710 2652 attendentes
724 2611 754 2652 sc
771 2597 860 2667 ipseo,
873 2597 900 2651 iu
916 2612 962 2668 pa-

138 2686 200 2737 tres
217 2688 377 2751 armantur,
396 2689 423 2738 et
442 2685 625 2754 publicantes
641 2685 774 2755 pudenda
790 2700 890 2740 eorum
903 2687 962 2756 pie·

136 2768 208 2824 tatis
225 2775 353 2839 pateram
367 2770 431 2839 jura
449 2771 573 2837 violant,
592 2788 655 2842 uuae
670 2773 783 2827 etiamsi
802 2773 959 2844 publicata,

137 2871 190 2913 uec
209 2864 303 2915 taurea
319 2875 333 2915 a
349 2874 388 2927 sc,
407 2859 531 2915 irridere
547 2862 638 2917 solum
655 2860 826 2928 voluissent,
845 2861 961 2916 maledi-

137 2945 244 3002 ctionis
264 2947 350 3002 Cbam
370 2948 539 3004 hereditarii
561 2963 749 3019 possessores
772 2950 876 3004 l'oreut.
899 2950 961 3005 Fiat

1017 1713 1189 1784 modumque
1206 1715 1402 1771 accusationis
1422 1734 1428 1768 :

1051 1801 1132 1866 Quod
1145 1804 1311 1873 promiserit
1324 1802 1464 1858 Walterio
1477 1803 1681 1876 archidiacono
1694 1807 1838 1873 praesente

1015 1890 1161 1960 Stepbauo
1185 1898 1304 1947 cantore
1329 1892 1355 1946 iu
1383 1891 1556 1947 clornvitorio
1580 1890 1718 1958 Edueusi,
1735 1889 1760 1946 si
1776 1889 1838 1961 ipse

1015 1978 1167 2049 adjuvaret
1178 1995 1252 2045 euru,
1266 1995 1301 2035 ne
1314 1985 1406 2035 mater
1417 1979 1480 2049 eJus
1493 1977 1537 2034 vel
1550 1980 1650 2048 irater,
1664 1992 1753 2048 penes
1765 1992 1838 2049 quos

1016 2081 1148 2136 maguum
1166 2073 1230 2123 erat
1247 2083 1341 2139 posse,
1359 2072 1498 2123 deicerent
1509 2067 1534 2123 oi
1547 2067 1582 2123 de
1593 2065 1764 2138 episcopatu
1780 2067 1839 2121 adi·

1016 2156 1165 2224 piscendo,
1188 2156 1307 2212 baberet
1330 2155 1470 2226 quidquid
1491 2154 1578 2210 veliet
1600 2154 1628 2210 iu
1648 2154 1839 2221 ecclesiast

1016 2243 1091 2313 quod
1106 2259 1158 2314 pro
1170 2243 1223 2301 bac
1236 2244 1431 2314 accusatione,
1443 2244 1770 2313 cuiuserautauctores
1782 2256 1839 2298 om-

1016 2347 1068 2388 ues
1086 2333 1144 2387 iere
1158 2333 1301 2402 canonici,
1327 2333 1369 2388 illi
1396 2347 1480 2404 quam
1506 2332 1629 2387 maxime
1648 2331 1697 2402 qui
1714 2330 1839 2386 concilio

1016 2420 1425 2477 interfueruutmissiabatiis
1437 2435 1557 2476 numero
1570 2420 1650 2476 ldde
1661 2419 1839 2491 primoribus

1015 2509 1166 2575 aecclesiae,
1182 2513 1211 2565 et
1227 2510 1255 2564 iu
1271 2524 1302 2565 ea
1320 2510 1456 2565 meliores
1471 2507 1669 2564 archidiaconi
1684 2508 1752 2578 duo,
1770 2521 1840 2578 prae·

1017 2595 1141 2665 positae,
1152 2599 1263 2664 cautor,
1274 2600 1302 2651 et
1313 2594 1360 2650 alii
1375 2593 1528 2650 nobilitate
1537 2596 1564 2648 et
1576 2593 1696 2651 scientia
1707 2593 1841 2649 honesta·

1017 2688 1103 2753 teque
1119 2683 1333 2755 praecellentes,
1350 2697 1405 2751 ego
1421 2697 1535 2753 quoquc
1552 2683 1612 2753 ipse
1629 2681 1677 2752 uui
1693 2680 1730 2738 ad
1745 2681 1841 2753 queri·

1017 2771 1141 2826 nveniam
1156 2769 1276 2842 capituli
1292 2770 1434 2826 Edueusis
1445 2769 1556 2839 iudicio
1569 2769 1685 2826 concilii
1698 2769 1725 2825 in
1739 2769 1838 2826 sedem

1015 2862 1044 2915 et
1061 2859 1156 2915 locum
1173 2860 1329 2916 restitutus
1349 2873 1444 2923 eram;
1464 2859 1542 2928 quod
1558 2873 1611 2930 pro
1628 2859 1693 2922 bac,
1711 2859 1836 2929 inquam,

1016 2948 1214 3017 accusatione,
1228 2962 1311 3018 quam
1320 2962 1356 3002 eo
1365 2947 1478 3003 enixius
1490 2946 1613 3003 domnus
1623 2947 1715 3003 abbas
1726 2946 1839 3003 Cluuia-

136 3031 196 3089 illis
206 3040 236 3090 ut
247 3041 397 3107 peceatum
409 3052 520 3106 eoruru,
531 3038 607 3108 quod
621 3038 779 3109 penitendo
789 3053 839 3094 cor
850 3042 960 3094 rectum
977 3022 1001 3085 C
1016 3036 1113 3092 censis
1125 3050 1176 3107 per
1188 3035 1299 3106 legatos
1309 3049 1387 3106 suos,
1397 3034 1520 3090 domnus
1530 3048 1644 3104 quoque
1653 3033 1838 3091 divionensis

59 3117 64 3127 '
136 3135 192 3177 nou
208 3129 262 3193 est,
279 3124 358 3181 silet
376 3130 526 3197 peccatum
543 3130 571 3182 ct
588 3140 676 3182 causa
701 3127 824 3198 peccati,
841 3131 869 3181 ct
885 3126 959 3182 idem

137 3219 289 3282 peccalum
306 3214 382 3283 quod
394 3228 430 3270 ex
441 3218 564 3285 peccato
580 3216 686 3281 oritur,
701 3214 738 3270 sit
752 3230 807 3270 uou
822 3215 879 3284 jam
897 3230 961 3285 pec·

136 3306 234 3355 catum
246 3302 457 3368 tautummodo,
468 3301 519 3357 sed
532 3308 683 3373 peccatum
696 3307 724 3356 et
738 3317 821 3373 prena
836 3302 958 3373 peccati,

140 3388 440 3457 utputeutsediviuae
453 3389 958 3461 legisstatutaimpuueresciudere,

137 3473 204 3530 dum
221 3481 381 3532 attrectant
395 3478 516 3533 inbibita
534 3478 636 3548 altaris
653 3483 839 3534 sacrosancta
856 3484 961 3548 urpste-

137 3564 196 3632 ria;
214 3579 268 3619 uon
281 3564 481 3635 intelligentes
493 3566 560 3637 qirid
573 3571 692 3623 sanctus
703 3567 758 3621 Leo
771 3567 848 3623 dicat
862 3567 888 3620 iu
901 3568 961 3638 epi·

137 3651 212 3708 stola
229 3668 280 3709 sua
299 3673 304 3708 :
323 3655 399 3724 quod
416 3655 439 3711 si
456 3655 522 3725 quis
540 3660 640 3712 contra
661 3670 804 3711 canonum
826 3655 959 3711 instituta

136 3740 236 3796 venire
260 3743 457 3813 temptaverit,
475 3747 504 3800 et
521 3744 666 3815 prohibita
693 3744 849 3799 admittere
872 3760 960 3800 ausus

138 3829 236 3901 tuerit,
254 3844 268 3885 a
285 3845 337 3886 suo
353 3845 384 3886 se
401 3832 514 3888 noverit
536 3831 628 3902 cilicio
650 3831 891 3900 submovendum,
907 3847 959 3888 ucc

136 3919 347 3975 courvuuuiouis
363 3923 473 3975 nostrae
491 3920 618 3976 futurum
636 3933 700 3974 csse
714 3925 892 3990 consortem,
910 3922 958 3991 qui

138 4007 236 4063 socius
253 4022 316 4064 csse
332 4007 426 4064 noluit
440 4007 610 4080 discipliuae.
629 4009 741 4074 Quanta
757 4022 826 4063 vcro
838 4008 865 4063 iu
878 4009 959 4065 cisat

136 4097 341 4152 coessentibus
350 4096 406 4152 sibi
417 4097 454 4152 sit
463 4097 635 4163 obcaecatio,
646 4097 712 4152 iiiuc
725 4097 811 4152 datur
824 4096 958 4167 iutelligi,

136 4185 214 4254 quod
230 4186 284 4256 ipsi
301 4185 349 4256 qui
367 4201 417 4256 pro
434 4185 492 4240 vita
507 4201 558 4242 sua
574 4184 749 4255 dampnabili
766 4190 796 4240 ct
814 4185 958 4255 pudenda,

136 4274 327 4343 omnibusque
353 4279 430 4342 uota,
453 4288 468 4328 a
489 4272 665 4330 monasterio
689 4272 761 4344 pirbi
785 4279 960 4330 suritmauu

1015 3139 1068 3196 pcr
1093 3138 1123 3180 se
1148 3125 1319 3194 efferebant,
1345 3138 1402 3195 quo
1426 3123 1629 3179 inclementius
1655 3121 1839 3194 tyrannidem

1017 3212 1110 3284 ipsius
1126 3213 1173 3283 qui
1186 3213 1393 3284 impetebatur,
1405 3211 1517 3282 experti
1530 3214 1625 3280 erant,
1637 3211 1839 3267 controversia

1016 3302 1044 3357 iu
1057 3301 1180 3357 coneilio
1192 3307 1255 3358 orta
1270 3301 1371 3365 luerit;
1388 3299 1554 3355 dicentibus
1564 3298 1610 3354 his
1622 3299 1670 3369 qui
1682 3304 1784 3370 partes
1796 3313 1841 3355 ac-

1016 3390 1109 3447 cusati
1126 3389 1331 3459 detondebant,
1355 3403 1411 3443 uon
1432 3402 1497 3444 esse
1514 3387 1632 3444 idoneas
1649 3387 1684 3444 ad
1701 3401 1840 3444 accusau-

1016 3474 1841 3550 dumpersonas,proeoquodovespastoremrepreben·

1016 3569 1085 3624 dere
1097 3570 1145 3623 aut
1160 3581 1298 3623 accusare
1316 3581 1370 3622 uou
1388 3565 1505 3634 babent,
1523 3564 1561 3620 bii
1579 3563 1701 3619 maxime
1718 3565 1768 3634 qui
1784 3564 1841 3621 ele-

1015 3656 1105 3712 ctioni
1117 3655 1180 3724 ejus
1191 3659 1411 3723 consenserant,
1423 3658 1452 3709 et
1466 3654 1597 3709 laverant
1612 3652 1837 3709 consecrationi.

1016 3744 1175 3799 Audierant
1195 3757 1309 3813 qvvoque
1329 3741 1480 3798 anathema
1502 3741 1649 3796 invectum
1666 3740 1694 3795 in
1710 3755 1771 3810 eos,
1790 3745 1840 3811 qui

1015 3847 1078 3888 eam
1091 3830 1301 3903 reprobandam
1313 3830 1422 3886 scirent
1434 3843 1485 3885 nec
1496 3828 1729 3898 manifestarent,
1739 3832 1770 3883 et
1779 3843 1839 3885 rem

1016 3923 1108 3993 ipsam
1122 3925 1188 3977 autc
1200 3919 1449 3976 consecrationem
1461 3923 1555 3974 actam
1567 3918 1733 3985 constabat,
1748 3917 1840 3988 quod-

1016 4024 1071 4080 quc
1083 4016 1149 4079 post
1160 4006 1413 4063 consecrationem
1424 4008 1579 4061 accusator
1589 4004 1651 4074 ipse
1662 4003 1788 4060 diaconii
1800 4004 1839 4060 oi·

1018 4097 1112 4152 licium
1134 4096 1287 4164 locumque
1308 4093 1500 4166 promotionis
1518 4095 1554 4147 ab
1569 4106 1604 4147 eo
1618 4091 1793 4163 susceperit,
1809 4096 1836 4148 et

1017 4183 1104 4239 testis
1121 4181 1319 4238 accusationis
1335 4180 1459 4237 odicium
1474 4179 1612 4247 cantoris,
1629 4184 1657 4234 et
1674 4181 1800 4249 uterque
1812 4179 1837 4234 ei

1016 4271 1174 4327 hominium
1196 4270 1329 4338 iecerint,
1352 4284 1407 4323 uon
1428 4282 1491 4324 esse
1512 4266 1704 4323 sufficientem
1720 4279 1841 4324 accusa·

138 4358 229 4431 layca,
246 4361 285 4415 bii
302 4362 329 4416 iu
345 4362 398 4418 bac
413 4364 474 4417 lece
495 4362 636 4431 torvrporis
653 4360 767 4432 praelati
783 4366 916 4416 rectores
931 4366 960 4415 ct
975 4375 1001 4436 D
1015 4359 1135 4422 tionem,
1158 4359 1185 4412 iu
1207 4371 1261 4427 qua
1282 4356 1358 4411 alter
1378 4360 1542 4426 accusator,
1565 4354 1640 4411 alter
1659 4358 1736 4410 esset
1753 4353 1839 4411 testis

137 4445 244 4502 domiui
267 4449 489 4505 constituuntur
507 4468 512 4502 :
530 4447 673 4518 quondam
695 4449 794 4504 abeis
817 4464 830 4503 a
853 4448 959 4518 quilius

137 4548 213 4590 nuuc
222 4534 412 4604 hovrorautur,
428 4537 544 4606 publico
556 4537 716 4607 obprobrio
727 4535 830 4604 babiti,
843 4537 958 4607 publiea

137 4622 336 4694 despectione,
362 4623 526 4693 abiectione
553 4624 713 4695 reprobati,
739 4624 911 4680 verberibus
929 4629 959 4678 et

138 4711 264 4769 vinculis
290 4710 467 4769 dedecoroso
490 4717 619 4768 scemate
643 4712 839 4781 dehonestati,
860 4717 889 4766 ct
911 4713 958 4782 uui

137 4800 254 4870 publica
267 4803 386 4856 notatus
396 4800 579 4857 consessione
589 4814 603 4855 a
614 4799 694 4855 clero
707 4800 917 4870 reprobandus,
930 4805 959 4856 ct

138 4886 958 4958 sotumindnovitasuecoruuruutonedonandusessct,

137 4973 184 5030 bie
200 4976 361 5032 celerarius
378 4976 556 5045 monasterii,
571 4980 653 5046 pater
664 4976 909 5047 congregationis,
927 4981 957 5032 ut

138 5077 237 5118 euram
248 5067 329 5132 gerat
341 5065 377 5121 de
387 5064 522 5121 omuibus
535 5068 687 5135 promotus
698 5068 758 5129 est;
775 5064 882 5135 quique
893 5069 957 5135 pust

137 5149 358 5220 abnegationem
376 5152 482 5208 Christi
494 5152 543 5207 Dei
555 5156 585 5208 et
595 5151 707 5206 Domini
719 5151 781 5206 siue
799 5151 957 5222 penitentia

136 5237 290 5294 ordinatus
314 5238 454 5295 diaeonus
480 5240 543 5310 tuit,
570 5254 646 5297 nunc
670 5243 736 5311 post
762 5239 908 5296 homicidii
929 5243 957 5296 ct

136 5323 338 5394 abnegationis
367 5326 512 5398 publicam
541 5327 741 5398 penitentiam,
766 5327 904 5383 sacerdos
929 5333 958 5384 et

136 5402 255 5490 princes
267 5411 332 5484 istc)
344 5412 498 5470 institutus
513 5418 568 5471 cst.

1017 4447 1150 4516 litoraque
1171 4450 1334 4501 accusator.
1360 4444 1474 4513 tegatis
1488 4458 1504 4499 e
1520 4447 1621 4498 coutra
1638 4442 1840 4514 respondenti·

1017 4535 1080 4605 bus,
1099 4534 1126 4589 iu
1142 4547 1227 4589 causa
1245 4533 1380 4604 syruouiae
1397 4531 1507 4588 nullum
1522 4531 1647 4600 omnino,
1663 4545 1837 4602 quamquam

1016 4624 1160 4689 insaniem,
1171 4635 1344 4691 ‹guamquam
1356 4620 1502 4676 subditam
1515 4633 1680 4690 personam,
1693 4618 1837 4674 removeri

1016 4713 1052 4767 ab
1068 4710 1264 4779 accusatione,
1276 4724 1340 4764 eum
1352 4708 1475 4764 domnus
1490 4722 1564 4779 papa
1579 4707 1740 4777 Gregorius
1750 4706 1798 4762 vtt
1810 4707 1838 4762 in

1015 4797 1140 4856 concilio
1150 4799 1276 4854 ltomaim
1286 4797 1320 4852 ad
1331 4795 1546 4852 accersatiouem
1559 4794 1710 4866 cuiusdam
1723 4794 1839 4851 abbatis

1016 4886 1214 4958 symoniacum
1235 4884 1387 4956 querudam
1404 4883 1574 4956 deposuerit
1593 4882 1774 4954 episcopum,
1791 4896 1839 4939 eo·

1016 4969 1840 5045 demabbateprimoprocademsymoniacug'usipsepar-

1016 5064 1365 5134 ticepsetconseutaueus
1377 5059 1481 5131 iuerat,
1490 5059 1633 5130 deposito,
1646 5057 1837 5116 sufficientem

1015 5166 1080 5209 esse
1097 5152 1125 5207 iu
1141 5165 1196 5207 uno
1213 5154 1383 5206 accusatore
1398 5152 1426 5204 et
1444 5162 1500 5204 auo
1517 5151 1593 5203 testo
1607 5146 1836 5205 accusationem.

1014 5240 1075 5297 lllis
1091 5253 1206 5312 quoque
1220 5237 1269 5309 qui
1282 5236 1460 5308 impetebant
1469 5235 1689 5305 objicientibus,
1701 5237 1730 5290 et
1743 5248 1840 5291 sacra·

1015 5331 1111 5383 intento
1131 5326 1257 5397 probare
1277 5324 1454 5394 volentibus,
1473 5323 1539 5395 quia
1558 5322 1692 5393 juniores
1707 5323 1792 5378 eraut
1808 5325 1840 5377 et

1014 5430 1070 5473 non
1087 5415 1160 5472 adeo
1177 5414 1206 5471 iu
1220 5412 1380 5471 canonibus
1400 5410 1565 5481 exercitati,
1587 5409 1739 5482 ignorasse
1759 5409 1839 5481 quod
