3788 6000
87 281 149 342 289

702 253 952 335 CHRONICON.
974 297 1015 310 -
1035 261 1114 326 LIB.
1137 256 1174 324 ΙΙ.

1732 255 1791 318 aab

87 411 146 468 Sibi
162 417 271 469 temerii
285 424 433 481 dtrogdl'e.
447 410 577 466 Obsecro
587 409 674 465 etlam
687 404 911 464 benivolentiam
925 401 954 463 Α
969 422 1101 474 nostrum
1119 418 1279 486 [hogonem
1291 414 1370 471 sedis
1382 413 1558 482 Tarvgnicae,
1570 411 1619 481 qui
1635 415 1724 466 tantae
1742 414 1788 465 est

90 499 330 571 honorisvestri,
349 502 379 555 ιιι
404 497 574 568 dignitatem
600 511 685 567 quam
710 501 913 552 antecessores

91 587 184 644 uestri
198 586 440 643 antecessoribus
455 585 527 640 meis
541 584 771 655 archiepiscopis
781 596 915 638 servare·

92 679 174 746 runt,
190 678 220 732 et
237 674 399 746 privilegiis
413 672 537 744 aliisque
553 672 661 729 scribis
679 672 714 727 ad
732 675 914 742 posterorum

91 765 265 820 memoriam
281 761 476 832 reliquerunt,
488 761 557 816 mihi
573 774 725 817 reservare
741 758 915 829 dignemini;

92 867 129 907 ne
142 852 260 908 irritum
272 855 321 907 aut
333 851 487 907 infractum
500 850 549 905 trat
560 849 755 921 privilegium,
764 847 841 919 quod
855 847 916 918 ipse

92 939 222 995 dedistis
236 939 316 1008 mihi,
333 938 446 995 scilieet
461 944 492 995 ut
506 939 589 996 vobis
603 939 660 1010 ipsi
673 936 878 1008 interpellatus
888 941 918 991 et

94 1044 153 1084 non
165 1027 374 1100 interpellatus
382 1027 583 1098 respondeam,
591 1032 622 1082 et
631 1025 736 1096 legatis
746 1025 853 1081 uestris
864 1025 919 1080 lto-

95 1117 201 1187 manis,
219 1131 277 1172 non
293 1115 518 1173 ultramontanis
537 1115 585 1186 qui
610 1115 758 1185 coniuncti
782 1113 919 1169 Romanis

95 1207 301 1274 quecumque
318 1207 459 1278 suasuri,
471 1217 527 1258 non
538 1204 679 1272 quaetesu
696 1201 855 1270 Christi,et
867 1201 919 1256 sub

96 1291 231 1349 honestis
245 1292 410 1347 nominibus
425 1291 579 1362 cupiditati
596 1306 657 1347 sure
678 1288 846 1359 consulunt,
863 1303 918 1343 non

97 1380 243 1437 aecclesie
255 1380 404 1436 Deittnde
416 1383 537 1452 propter
548 1379 648 1435 talium
663 1377 814 1450 pudendas
824 1391 921 1448 repre·

97 1469 259 1526 bensioues
283 1475 313 1527 et
335 1470 514 1540 vocationes,
540 1469 618 1539 mihi,
638 1470 686 1541 qui
709 1469 800 1524 totius
822 1467 921 1523 Galliae

97 1555 921 1631 episcoposdebeoeonvocare,liceateenssderedevobis

99 1649 163 1704 sine
179 1646 346 1717 legatorum
362 1647 526 1718 vocatione,
537 1647 628 1704 donee
639 1646 675 1702 ad
688 1645 795 1717 paseha
809 1645 921 1704 veniam

969 506 1140 574 senectutis,
1158 510 1190 561 ut
1206 520 1270 561 oum
1287 508 1353 560 ante
1371 503 1573 574 episcopatum
1590 500 1639 554 din
1659 513 1790 569 perman-

969 596 1042 653 serit
1056 595 1084 650 in
1099 594 1200 650 ordine
1217 592 1396 665 presbiterii,
1409 591 1467 660 J'am
1485 605 1559 646 nunc
1575 589 1651 644 ultra
1676 591 1791 657 tempus

969 689 1004 742 60
1017 698 1158 740 annorum
1174 683 1296 752 gradum
1309 681 1436 737 tenuerit
1448 678 1601 751 episcopii,
1614 682 1644 732 et
1654 690 1728 747 pene
1742 690 1793 746 per

971 772 1082 842 singula
1095 775 1237 827 momenta
1251 770 1427 841 propinquat
1439 768 1540 824 exitui.
1551 767 1736 836 Quapropter
1745 779 1793 819 vo·

972 863 1067 918 tumus
1082 877 1133 918 uos
1148 860 1284 917 obnixius
1299 874 1432 927 exorare,
1451 861 1481 914 ut
1503 871 1568 913 cum
1587 857 1672 927 jussu
1693 858 1792 910 vestro

973 950 1130 1020 dignemini
1148 950 1306 1006 restituere
1322 946 1485 1002 ministerio
1501 961 1563 1014 suo,
1582 959 1627 1015 ne,
1644 942 1721 1014 quod
1738 957 1795 997 ma·

973 1054 1100 1111 gnopere
1116 1038 1310 1108 lormidamus,
1321 1038 1346 1092 in
1360 1036 1562 1092 haemoriatur
1575 1033 1793 1089 interdictione.
1826 1049 1832 1059 ι

975 1126 1013 1180 lte
1030 1125 1082 1181 hoc
1094 1140 1163 1181 vero
1174 1125 1250 1195 quod
1264 1139 1307 1179 mc
1322 1121 1543 1194 interpellastis,
1557 1126 1588 1177 ut
1603 1121 1630 1176 in
1647 1121 1794 1176 conductu
1858 1178 1862 1184 ,

974 1214 1106 1286 episcopi
1121 1213 1332 1269 parisiacensis
1347 1211 1460 1282 aliquos
1476 1210 1559 1266 vobis
1577 1208 1684 1265 milites
1701 1208 1800 1263 mitte—

975 1319 1046 1373 rem,
1056 1311 1155 1359 notum
1167 1303 1251 1358 vobis
1263 1302 1335 1357 iacio
1346 1301 1421 1371 quod
1439 1315 1491 1370 ego
1506 1299 1637 1355 volebam
1653 1297 1799 1367 dirigere,

976 1394 1027 1449 sed
1041 1407 1140 1447 comes
1157 1391 1191 1447 de
1207 1391 1322 1446 drlonis
1339 1389 1427 1445 Fuloo
1439 1389 1556 1444 rediens
1569 1390 1605 1443 ab
1622 1387 1693 1442 urhe
1709 1387 1798 1441 Roma

976 1480 1031 1537 hoe
1040 1480 1106 1535 mihi
1119 1480 1264 1536 intimavit
1276 1495 1311 1535 ex
1324 1482 1421 1534 vestra
1434 1482 1526 1549 parte,
1536 1476 1602 1546 quia
1615 1475 1741 1530 libenter
1754 1489 1799 1529 me

977 1568 1012 1625 de
1025 1568 1086 1640 ipsa
1099 1567 1455 1624 transmissionemilitum
1470 1564 1682 1635 importabatis,
1691 1563 1755 1618 ideo
1768 1569 1800 1618 ut

978 1658 1005 1713 in
1022 1661 1139 1727 regione
1157 1661 1258 1712 nostra
1276 1660 1395 1711 strenue
1415 1660 1444 1709 et
1471 1653 1614 1709 intentius
1638 1665 1802 1721 exequerer

99 1735 135 1792 ²⁶
152 1750 206 1792 V⁰⁵
219 1735 280 1791 ⁰0⁰
293 1735 420 1793 νθῙθῐῐῑθ·
436 1737 573 1792 Ρΐθῑθΐθῧ
597 1734 663 1792 V⁰¹⁰
687 1734 790 1791 Omitte
812 1732 923 1804 sutili·
937 1755 965 1815 Β
980 1745 1091 1803 domnae
1104 1744 1255 1800 marchisae
1267 1744 1365 1798 ll.Pro
1376 1743 1430 1798 hoc
1441 1742 1532 1812 igitur
1547 1756 1561 1796 a
1574 1740 1801 1796 vobisueniente

100 1839 180 1895 care,
192 1830 224 1880 et
235 1825 436 1897 praenunciare
446 1825 538 1894 vobis,
552 1829 583 1882 ut
595 1823 730 1895 quoniam
748 1823 774 1878 in
791 1821 922 1878 absentia

102 1913 157 1968 mei
173 1927 269 1984 nuper
284 1913 361 1984 apud
376 1928 430 1969 uos
445 1914 653 1970 commorantis
666 1910 756 1969 multa
781 1925 870 1982 prave
894 1915 925 1966 et

102 2000 272 2057 inordinate
285 2004 348 2058 acta
360 2005 428 2056 sunt
441 2002 469 2061 in
485 2001 619 2072 partibus
634 2015 704 2057 meae
719 2000 857 2067 diocesis,
871 2013 925 2068 ego

101 2104 238 2146 veronen
248 2094 352 2161 potero
360 2089 925 2160 omitterequinministerionostroutar

103 2177 132 2232 in
144 2177 191 2232 bis
203 2175 415 2235 aecclesiastice
426 2177 610 2247 corrigendis
623 2197 629 2233 :
643 2177 667 2233 si
679 2176 748 2248 quid
760 2191 814 2248 pro
826 2176 878 2231 hoc
890 2173 926 2230 de

103 2281 149 2322 me
165 2266 363 2323 accusationis
378 2266 521 2339 perlatum
546 2267 632 2324 tuerit
648 2266 740 2336 vobis,
759 2279 794 2322 ne
811 2265 864 2320 hoc
881 2262 926 2319 vel

103 2356 165 2412 cito
177 2355 320 2425 credatis
337 2356 383 2413 vel
399 2354 522 2412 moleste
536 2370 605 2426 erga
627 2371 670 2412 me
696 2355 857 2426 {recipiatis
876 2352 926 2410 sed

103 2444 177 2501 illud
193 2444 223 2500 in
237 2445 395 2516 praesentia
409 2449 508 2501 nostra
525 2450 593 2501 ante
608 2461 659 2501 vos
675 2444 842 2513 dimittatis,
855 2441 927 2513 qnia

103 2547 160 2603 ego
176 2533 347 2590 nullatenus
362 2534 428 2590 uolo
448 2534 591 2590 excedere
613 2537 706 2590 metas
731 2532 925 2603 auctoritatis

104 2620 350 2692 Quandoquidem
365 2622 440 2679 enim
458 2620 510 2692 illi,
523 2623 571 2693 qui
589 2621 829 2691 legatosvestros
846 2635 877 2677 se
890 2621 929 2677 la-

103 2711 199 2781 eiuut,
212 2709 305 2766 multo
313 2711 423 2782 justius
433 2725 488 2780 ege
501 2710 593 2766 debeo
605 2724 657 2783 per
668 2726 721 2767 vos
731 2725 764 2766 ea
781 2725 845 2781 quae
860 2712 928 2767 sunt

103 2798 416 2872 providentiaenostrae
423 2799 584 2869 corrigere,
595 2814 678 2870 quam
694 2799 846 2870 quisquam
861 2799 930 2855 alie·

103 2902 138 2944 na
160 2893 303 2944 tractare.
316 2890 355 2944 lte
367 2888 473 2945 comite
483 2888 602 2958 OEbalo,
615 2888 662 2958 qui
676 2902 720 2944 me
731 2889 760 2942 in
771 2888 928 2959 praesentia

982 1834 1143 1903 missatico,
1153 1832 1321 1888 reinansita
1337 1837 1437 1887 nostra
1456 1835 1539 1901 parte
1555 1828 1702 1900 praedietae
1716 1840 1803 1899 expe-

981 1922 1101 1978 ditionis
1118 1920 1310 1977 transmisaio.
1322 1917 1421 1975 Valeat
1438 1917 1581 1974 sanctitas
1597 1919 1704 1985 uestra,
1718 1921 1803 1987 pater

983 2010 1230 2067 reverentissime.

1019 2100 1176 2168 Gregorius
1192 2098 1359 2169 episcopus,
1373 2111 1475 2152 servus
1490 2109 1640 2151 seruorum
1656 2093 1717 2161 Dei,
1735 2093 1807 2148 dile·

982 2188 1040 2244 ctis
1056 2188 1084 2242 in
1101 2187 1218 2242 Christo
1233 2186 1374 2242 iratribus
1386 2184 1497 2255 liugoni
1511 2183 1607 2239 ltiensi
1622 2182 1760 2255 episeopo
1776 2186 1807 2235 et

982 2276 1095 2345 Hugoni
1111 2274 1294 2331 cluniacensi
1313 2272 1412 2329 abbati
1428 2271 1550 2328 salntem
1566 2276 1595 2326 et
1612 2269 1805 2341 apostoticam

984 2363 1225 2420 benedictionem.
1240 2361 1310 2427 Quia
1325 2362 1351 2415 in
1366 2366 1473 2416 saneta
1489 2359 1549 2425 Dei,
1567 2360 1612 2414 cui
1633 2357 1730 2413 divina
1749 2357 1807 2434 diss

985 2452 1128 2525 positione
1145 2450 1346 2523 presidemus,
1362 2448 1509 2511 Ecclesiae,
1525 2452 1581 2503 ete.
1599 2448 1683 2517 (tuo).
1701 2467 1715 2498 o

1019 2539 1203 2611 descriptum
1214 2538 1345 2607 ejusdcm
1357 2537 1392 2592 ad
1407 2538 1564 2591 Manassem
1580 2536 1749 2590 ilemensenr
1761 2549 1806 2589 ar·

984 2628 1202 2698 chlepiscopum
1217 2624 1399 2697 :Gregorius
1417 2625 1579 2695 episcopus,
1595 2636 1698 2680 servus
1713 2635 1808 2679 serae

983 2714 1231 2784 asumueqetecto
1240 2712 1400 2769 inOtra‘sto
1401 2711 1507 2783 fratri
1516 2709 1698 2767 Muemerut
1707 2709 1807 2766 erebi-

984 2795 1809 2874 episcoposalutemetcportoucamteneutcttmememu

984 2904 1035 2948 coa
1056 2904 1090 2946 ce
1105 2903 1124 2946 e
1137 2890 1205 2946 secte
1219 2888 1383 2960 apostatice
1392 2887 1559 2959 stepttetta.
1577 2886 1704 2956 Requiro
1721 2886 1807 2956 (ιιι).

104 2981 206 3034 vestra
221 2991 362 3034 accusare
379 2977 550 3048 temptabat,
563 2980 593 3031 et
609 2990 640 3032 se
653 2992 702 3032 sur
716 2991 792 3047 nque
807 2975 930 3032 fidelita-
1024 2978 1142 3033 Sextum
1160 2975 1366 3032 nichilominus
1382 2974 1541 3031 celebravit
1558 2973 1714 3031 concilium
1732 2971 1808 3044 apud

106 3064 929 3133 tcmvobisvcrbissimulantibuscommendabat,satisiu
988 3067 1168 3136 Lugdunum,
1187 3079 1238 3136 pro
1254 3063 1427 3135 quibusdam
1443 3063 1576 3133 negotiis,
1604 3077 1727 3133 quorum
1752 3061 1810 3117 dis-

108 3153 371 3225 promptubabetis
381 3153 661 3223 cognoscere,cujus
671 3154 769 3224 potius
781 3154 935 3212 sinceritas
988 3154 1153 3210 oussionem
1170 3152 1195 3208 ei
1212 3152 1334 3208 domnus
1347 3165 1420 3223 papa
1443 3150 1592 3221 imposuit,
1618 3149 1749 3206 scribens
1772 3149 1808 3204 ad

108 3241 267 3298 fidelitatis
277 3256 348 3312 erga
359 3256 410 3298 vos
420 3241 555 3298 uideatur
566 3242 803 3312 existere,utr·um
816 3243 934 3312 meaqui
988 3258 1053 3301 cnm
1070 3243 1098 3297 in
1113 3242 1177 3298 brec
1191 3242 1279 3297 verba
1296 3241 1381 3312 (trit).

109 3331 168 3386 beo
183 3333 214 3387 et
225 3330 311 3386 robis
322 3335 442 3402 paratus
459 3345 522 3386 sum
539 3330 699 3402 peremnia
715 3331 937 3401 obedire,anil-
1026 3332 1624 3402 earconrusepucopm,sarcasmorum
1634 3326 1812 3393 mattiarlo

110 3417 168 3474 lius
178 3418 229 3488 qui
242 3422 271 3474 et
285 3418 360 3490 apud
372 3432 425 3475 vos
434 3433 486 3490 per
497 3419 684 3490 semetipsum
696 3420 846 3491 impugnat
859 3419 935 3476 beati
989 3418 1254 3493 tasstrrtstcsretri
1265 3419 1487 3476 lieeomltteesi
1498 3416 1775 3489 optemperatum
1784 3417 1815 3471 et

109 3506 193 3562 Petri
205 3504 418 3576 aecclesiam‚et
430 3505 507 3577 apud
518 3521 632 3578 uesper
648 3507 806 3563 llanassem
822 3512 850 3564 et
867 3521 936 3564 suos
991 3509 1184 3580 apostoticam
1196 3507 1433 3565 teeedtettoeem.
1449 3506 1647 3572 Quodrttetue
1657 3504 1813 3562 clementie

110 3609 257 3667 sequaces
268 3595 296 3651 in
309 3611 361 3653 suo
372 3601 471 3652 castro
483 3599 620 3667 receptos
627 3597 816 3667 persequitur
824 3598 936 3653 beatam
985 3613 1092 3672 pacem
1111 3599 1253 3656 Eccteatc
1273 3599 1330 3655 tue
1339 3597 1482 3666 restituit,
1502 3601 1559 3651 ete.
1575 3595 1646 3651 Vide
1663 3595 1813 3663 inbrago

110 3684 242 3741 llariam.
268 3685 414 3742 ttanasses
434 3684 521 3755 enim,
539 3684 575 3740 de
589 3700 647 3754 quo
661 3685 797 3756 diximus,
815 3686 861 3742 eui
884 3701 937 3743 nos
992 3687 1036 3744 rio
1051 3688 1110 3757 Vll,
1126 3688 1211 3759 epist.
1227 3687 1315 3743 eatae
1331 3686 1504 3756 chtatrum
1516 3698 1596 3755 oep,
1612 3698 1639 3739 n.
1656 3687 1699 3740 le.

108 3772 198 3841 jussu
217 3777 319 3828 vestro
330 3772 406 3843 quod
419 3772 447 3828 in
459 3786 513 3828 nos
525 3771 674 3843 amiserat,
687 3772 711 3828 si
725 3773 760 3828 ad
775 3773 937 3830 aecctesiam
1028 3777 1098 3832 bum
1111 3775 1201 3845 igitur
1217 3775 1260 3830 hae
1277 3774 1303 3829 ei
1315 3773 1422 3830 litterae
1434 3773 1530 3833 allatae
1545 3772 1680 3842 tuissent,
1690 3775 1719 3826 et
1731 3770 1814 3827 locus

113 3867 239 3917 matrem
255 3875 338 3918 suam
355 3861 476 3930 rediret,
489 3859 674 3928 indulsimus,
685 3862 866 3919 conscientia
877 3878 940 3921 sce·
992 3864 1108 3921 concilii
1121 3863 1197 3934 apud
1206 3860 1814 3932 Lugdunumconstitutusesset,ltemensis

113 3948 186 4004 loris
198 3948 245 4005 sui
257 3947 416 4020 depressus
428 3963 482 4003 nec
494 3947 529 4004 ad
541 3963 594 4004 nes
610 3948 673 4005 vult
687 3949 793 4021 redire,
806 3965 859 4006 nec
876 3950 938 4021 paci
993 3953 1080 4009 etiam
1097 3952 1335 4022 archiepiscopus
1347 3951 1430 4020 Juxta
1447 3955 1576 4005 tenorem
1597 3949 1762 4003 litterarum
1777 3947 1813 4003 ad

113 4036 261 4094 ecclesias
276 4036 467 4106 concordare,
480 4036 549 4107 quin
562 4036 662 4109 potius
673 4052 738 4094 cum
749 4037 807 4094 illis
822 4039 884 4094 suis
897 4054 941 4095 se·
996 4041 1071 4096 idem
1095 4053 1125 4096 se
1145 4044 1325 4110 purgaturus
1342 4037 1517 4094 invitaretur
1534 4034 1698 4104 concilium,
1717 4035 1814 4106 posito

114 4125 271 4198 quacibus,
284 4126 353 4198 quia
370 4125 456 4182 laetis
472 4141 529 4182 non
547 4131 654 4197 potest,
666 4127 805 4184 verbiset
823 4127 941 4183 maledi·
995 4130 1101 4186 domno
1118 4129 1235 4196 lingone
1252 4127 1327 4197 apud
1343 4126 1480 4181 Viennam
1500 4139 1554 4195 pro
1572 4123 1707 4193 corporis
1731 4137 1815 4179 cura·

114 4216 173 4274 ctis
183 4215 347 4273 aecclesiam
359 4229 462 4286 meque
475 4214 606 4272 lacerare
618 4230 674 4271 non
687 4215 900 4287 destultttnde,
909 4221 942 4274 ut
998 4218 1085 4288 tione,
1095 4215 1187 4273 nuntii
1201 4213 1684 4287 praelatiarebiepiscopivenerunt
1696 4211 1813 4282 adeum,

114 4306 152 4361 dc
168 4305 235 4376 ipso
249 4304 338 4360 Ebalo
359 4308 483 4373 taceam,
504 4304 532 4360 in
552 4318 637 4374 quem
658 4318 710 4362 vos
727 4304 816 4361 credo
833 4305 941 4375 iustam
996 4306 1096 4363 multis
1111 4310 1139 4361 et
1156 4304 1289 4360 maximis
1305 4303 1443 4375 precibus
1459 4307 1489 4358 et
1509 4301 1678 4359 muneribus
1700 4300 1735 4356 ad
1759 4299 1815 4358 hoe

114 4400 145 4450 et
157 4393 353 4466 apostolicam
364 4406 505 4450 exercere
516 4393 800 4467 sententiam‚super
811 4395 941 4452 llanasse
995 4410 1061 4452 eum
1077 4396 1195 4451 flectere
1209 4393 1371 4464 cupientes,
1384 4395 1413 4448 et
1429 4392 1467 4448 ob
1483 4390 1511 4447 id
1527 4392 1553 4447 ei
1568 4391 1595 4446 in
1609 4389 1746 4463 presenti
1759 4393 1816 4448 tre·

115 4482 266 4541 instanter
280 4482 423 4554 deprecor
439 4483 625 4539 sanctitatem
641 4473 780 4555 vestram,
798 4487 828 4541 ut
839 4487 888 4541 aut
897 4461 981 4555 jun
996 4480 1326 4554 eentaspurissimiauri
1336 4480 1446 4552 uncias,
1454 4478 1818 4551 domesticisquoqueejus

116 4571 215 4628 beatis
228 4586 295 4628 eum
312 4571 347 4627 ad
362 4585 444 4628 suam
459 4571 584 4642 regredi,
596 4577 626 4628 et
639 4571 764 4630 ulterius
778 4588 835 4630 non
850 4574 942 4646 impu·
997 4572 1129 4646 preciosa
1141 4570 1263 4628 donaria
1273 4568 1440 4640 offerentes,
1454 4568 1573 4641 insuper
1584 4573 1614 4625 et
1622 4568 1817 4625 celamentum

114 4673 209 4731 goare
222 4658 395 4730 ecclesiam,
414 4664 465 4716 aut
479 4659 507 4716 in
523 4674 589 4717 eum
614 4659 734 4732 ejusque
758 4663 889 4719 lautores
912 4667 940 4718 et
996 4677 1033 4718 ne
1049 4660 1100 4719 ulli
1118 4659 1284 4717 mortalium
1300 4659 1329 4716 id
1344 4659 1616 4731 proderentiurare
1630 4658 1818 4728 volenteque

116 4747 752 4820 cooperatoreaapostolicirigorisdirigatis
762 4750 942 4807 animadver-
996 4766 1061 4808 eum
1075 4765 1127 4806 sex
1141 4749 1300 4821 episcopis,
1312 4763 1385 4820 quos
1401 4748 1464 4819 ipse
1480 4747 1632 4804 deniensis
1647 4747 1770 4816 eligeret
1781 4745 1817 4802 de

116 4837 243 4894 aionem.
255 4835 418 4908 Dignamini
429 4835 517 4892 etiam
528 4836 564 4892 ad
575 4851 675 4894 corum
687 4841 858 4911 receptores
872 4840 943 4896 scri·
996 4837 1186 4910 suffraganeis
1201 4837 1272 4908 auis,
1289 4837 1316 4893 ei
1332 4840 1363 4893 ut
1379 4851 1410 4893 se
1423 4840 1561 4909 purgaret
1576 4837 1818 4904 concederet,re·

118 4926 191 4982 berc
208 4928 305 4996 aptam
322 4924 488 4997 epistolam,
505 4929 538 4982 ut
554 4929 604 4983 aut
618 4940 669 4983 eos
682 4930 785 4984 contra
800 4927 942 4986 aecclesiae
997 4932 1074 4986 mota
1087 4927 1275 4999 inquisitione
1283 4925 1574 4994 intamiae3addentes
1583 4924 1817 4995 etiamquoduec

115 5014 186 5087 jnra
200 5029 257 5072 non
275 5015 432 5086 retineant,
448 5017 498 5071 aut
514 5015 577 5086 pari
592 5016 738 5072 sententia
754 5031 786 5073 se
802 5016 943 5075 multatos
997 5030 1117 5090 sperare
1127 5015 1335 5089 poterant,sed
1345 5019 1442 5070 tamen
1454 5013 1543 5069 nichil
1555 5013 1761 5084 intemptatum
1773 5029 1818 5071 re·

119 5108 296 5175 agnoscant.
309 5105 414 5161 Restat
426 5102 494 5160 mihi
506 5104 560 5161 hoe
571 5104 655 5161 vobis
665 5104 774 5177 dicere,
783 5107 850 5178 quia
866 5107 945 5164 dom·
998 5107 1129 5178 linquere
1144 5105 1291 5176 volebant,
1308 5103 1385 5176 quod
1401 5103 1425 5159 si
1440 5102 1466 5159 ei
1478 5101 1540 5159 solo
1552 5102 1766 5161 concederetur
1778 5104 1819 5161 la·

119 5208 178 5251 nos
195 5192 408 5263 lingoniensis
421 5193 579 5267 episcopua
601 5192 753 5253 interdixit
774 5196 943 5272 episcopum
998 5197 1094 5257 cultas
1109 5210 1139 5256 se
1151 5193 1304 5270 purgandi,
1317 5191 1529 5252 inestimabiles
1538 5191 1696 5252 thesauros
1705 5193 1781 5266 auri,
1789 5198 1820 5252 et

913 5314 1024 5374 NOTAE.

157 5407 235 5480 (tto)
249 5403 377 5479 Registr.
399 5405 445 5466 vl.
470 5412 495 5465 3.
518 5409 590 5466 bata
612 5408 649 5467 ad
670 5409 806 5470 Sanctum
829 5412 945 5472 Germa·
979 5425 984 5436 ’
1062 5456 1067 5467 .

121 5480 311 5540 nnmxrltal.
328 5479 518 5554 septembris,
535 5479 593 5537 iud.
611 5485 637 5538 t.
655 5482 686 5539 ll.
999 5459 1167 5529 Ressttttttm
1180 5450 1227 5526 Vl,
1244 5458 1270 5513 ἢ·

158 5551 238 5623 (ιιι)
253 5551 347 5623 Igitur
362 5566 418 5610 non
433 5551 470 5610 ad
484 5565 588 5610 manus
602 5557 676 5612 arat.
694 5555 776 5628 bata,
792 5559 823 5613 ut
843 5569 943 5629 supra.
1036 5528 1114 5602 (¹¹⁵⁹)
1127 5525 1320 5589 ⁰⁰⁸id⁰f⁸²¹¹¹⁸
1336 5526 1365 5585 5¹¹
1380 5525 1526 5599 ¹¹⁰⁸me
1543 5527 1576 5584 ll.
