3788 6000
134 192 194 260 tte
610 197 794 267 HUGONIS
814 196 991 264 acerris
1011 196 1357 264 atartnmcerists
1780 192 1842 256 320

134 334 165 388 et
176 330 301 405 emplius
311 348 364 407 pro
375 349 441 406 rege
451 350 508 393 non
518 335 686 406 haberetur,
698 335 764 406 quia
776 335 803 391 in
815 349 961 407 eruscorn·
975 332 1003 396 A
1018 333 1177 406 desperati,
1194 333 1303 405 absque
1324 330 1421 389 damni
1443 342 1523 402 papae
1544 325 1668 386 consiliu
1685 327 1841 400 elegerunt

135 421 271 479 rrrrrnione
287 423 332 479 uel
350 424 470 481 servitio
486 426 560 482 certi
575 429 658 482 erant
674 425 709 481 de
727 423 886 479 imminenti
902 422 962 478 ani·
1018 421 1072 478 sibi
1088 421 1242 479 liudulfum
1259 421 1360 477 ulricem
1376 420 1403 475 in
1420 409 1527 488 regern.

136 527 188 567 iriae
214 512 354 582 periculo.
376 514 430 569 Sed
452 515 499 585 qni
523 515 682 570 foeditatem
704 530 763 569 suae
783 512 962 567 intlrmitatis
1054 510 1196 567 Rodulins
1217 509 1306 580 igitur
1330 508 1500 564 festinanter
1523 506 1609 562 misso
1631 506 1746 575 lauricio,
1769 507 1843 562 indi-

136 599 325 657 considcrare
337 601 514 673 negligebat,
526 603 576 658 sed
586 619 638 672 prr
649 602 784 657 elationis
798 602 901 656 tastum
916 616 963 672 pa·
1017 600 1093 655 eavit
1105 615 1136 654 se
1148 598 1263 669 quidem
1278 600 1410 654 coactum
1427 595 1507 665 regni
1524 593 1720 664 gubernacula
1739 609 1841 651 susee-

138 689 238 742 tentiae
250 704 309 744 suar
320 689 441 759 girarinnr
459 690 639 761 attendebat,
653 690 729 746 rande
742 689 796 745 sibi
807 688 963 759 gloriosior
1018 689 1105 760 pisse,
1128 694 1224 743 tanren
1241 702 1271 743 sc
1289 691 1420 758 paratam
1443 684 1547 739 (ieiuno
1566 698 1647 754 papae
1662 683 1689 738 in
1704 683 1843 739 onmibus

137 775 302 849 ridebatur,
321 778 387 834 inde
402 778 608 849 descendebat,
625 783 655 834 et
672 778 747 835 urrde
759 793 790 835 sc
801 778 962 847 gloriosum
1017 777 1147 833 obedire.
1161 778 1196 832 Et
1207 776 1339 833 cumdem
1352 788 1466 844 semper
1480 772 1654 844 promittens
1664 786 1841 843 sermenem,

134 862 295 933 iudicabat,
314 866 379 922 iude
396 867 423 921 in
439 866 493 922 inm
510 867 641 923 deterius
656 868 823 923 corruebat.
840 869 875 923 Ut
887 866 961 922 enim
1017 865 1122 934 adjecit
1138 864 1236 933 ctiam,
1255 864 1314 920 irtio
1330 878 1382 919 suu
1398 862 1467 918 date
1483 860 1585 918 obside
1601 861 1729 933 itemque
1746 859 1844 919 tidelis

136 952 176 1006 ait
190 953 264 1009 idern
277 954 338 1025 ipse
350 955 502 1011 licinricus
514 956 541 1009 in
555 954 676 1025 epistole
690 956 825 1012 Rornanis
837 954 961 1019 directa,
1018 954 1063 1009 sui
1083 952 1167 1009 <lucis
1190 951 1317 1009 bertaldi
1343 951 1411 1020 tilio,
1433 950 1510 1021 quod
1533 949 1723 1022 promittebat
1745 963 1843 1006 sacra-

138 1041 185 1095 nbi
201 1056 266 1097 enm
282 1043 375 1099 erimia
393 1042 531 1099 salsitatis
545 1048 575 1099 et
587 1043 728 1099 mendacii
745 1044 830 1115 piena
848 1043 917 1107 sint,
936 1043 962 1098 in
1018 1045 1115 1097 mento
1132 1042 1256 1097 iirrnare.
1273 1043 1386 1096 interca
1398 1039 1485 1095 etiam
1498 1037 1649 1095 Heinricus
1663 1035 1843 1109 precabatur

137 1128 191 1185 boc
209 1145 264 1185 rrno
280 1131 397 1186 ueritati
411 1131 478 1188 lieet
490 1131 591 1188 nolens
604 1133 684 1202 iavit,
699 1132 753 1188 sub
769 1132 866 1203 specie
882 1131 963 1187 timo-
1017 1144 1094 1200 orriri,
1123 1134 1154 1186 ut
1183 1135 1286 1186 contra
1318 1127 1471 1185 ltodnlium
1500 1141 1564 1183 eum
1594 1126 1757 1194 adjuraret.
1789 1127 1843 1181 Cui

136 1217 177 1272 ris
193 1217 292 1289 divini,
311 1235 365 1276 non
382 1221 407 1274 in
426 1220 551 1276 ueritate
565 1220 718 1276 catholicae
736 1220 816 1291 pacis
829 1219 963 1275 consiliis
1018 1218 1141 1275 donmus
1161 1233 1234 1290 papa
1256 1218 1410 1290 respondit
1423 1230 1455 1272 se
1471 1215 1597 1271 libenter
1618 1215 1764 1271 iacturum
1793 1230 1843 1270 an·

138 1305 251 1362 iliorum
277 1309 469 1379 adquiescere
491 1325 522 1365 se
543 1310 636 1365 tinxit.
664 1309 733 1378 (Ful.
763 1312 833 1377 113.)
857 1310 962 1364 Verum
1018 1306 1078 1361 dita
1095 1308 1248 1377 utriusque
1266 1307 1358 1378 partis
1375 1305 1499 1375 ratione,
1512 1309 1543 1360 ut
1559 1303 1645 1359 sciret
1664 1304 1710 1359 cui
1724 1303 1843 1375 justitia

136 1408 204 1461 nos,
234 1397 340 1465 <quilius
367 1399 501 1454 Gbristus
533 1398 616 1468 tides,
647 1397 781 1453 Gbristus
809 1397 962 1467 retugium,
1019 1396 1109 1463 raucis
1127 1397 1246 1452 sereret.
1261 1398 1350 1462 Quam
1364 1394 1581 1465 responsionem
1593 1393 1771 1464 contempsit
1784 1392 1846 1447 ina-

137 1483 271 1540 Christus
285 1491 329 1541 est
345 1486 493 1557 solatium,
509 1487 609 1542 nenias
626 1486 689 1555 ejus
706 1485 849 1542 diabolico
866 1485 901 1540 ab
913 1499 963 1540 ore
1019 1483 1046 1538 ni
1064 1482 1160 1540 elatus
1177 1499 1302 1553 rumore,
1319 1488 1425 1554 putans
1440 1496 1505 1537 eum
1518 1481 1579 1536 suis
1590 1495 1621 1537 se
1632 1481 1744 1537 uiribus
1756 1496 1844 1553 posse

138 1576 281 1643 ructatas,
305 1574 468 1644 iniquitatis
491 1576 602 1631 calamo
627 1575 764 1639 dictatae,
786 1573 963 1629 contusionis
1020 1570 1185 1628 drivinecre.
1199 1575 1277 1628 licus
1291 1573 1366 1628 enim
1382 1572 1445 1642 rjus
1461 1584 1517 1640 quo
1533 1568 1707 1641 procellosis
1723 1575 1844 1626 actuum

137 1662 300 1716 attramento
321 1662 462 1733 signatas,
483 1679 498 1717 a
515 1663 652 1720 rrrerueria
675 1664 813 1718 bonorum
836 1662 962 1717 ommam
977 1689 1005 1750 B
1019 1661 1149 1716 teretibus
1176 1661 1388 1725 concitabatur,
1416 1674 1450 1714 eo
1476 1659 1511 1713 ab
1537 1658 1659 1714 internae
1689 1658 1846 1730 sapientiae

138 1746 327 1819 repellentes
354 1751 421 1821 qnid
443 1752 546 1821 egerit,
571 1752 714 1821 qrmmodo
737 1751 962 1819 alisolutioncm,
1021 1747 1118 1817 quiete
1135 1754 1223 1820 :rupae
1238 1748 1400 1805 stabilitate
1421 1747 1653 1816 disjungebatur.
1677 1745 1749 1813 Quia
1767 1747 1844 1801 enirn

137 1839 277 1904 quantum
294 1838 328 1893 aei
345 1839 501 1895 exterioris
518 1840 642 1895 bominis
663 1840 872 1903 bullitudinem,
891 1838 965 1909 opti·
1022 1836 1163 1892 maliciam
1181 1838 1299 1906 tegebat
1311 1838 1338 1892 in
1352 1836 1451 1905 comte,
1468 1838 1628 1891 creantem
1645 1833 1844 1890 blandimenta

138 1924 245 1986 rrrrerit,
261 1941 326 1981 cum
338 1942 420 1982 saera
439 1928 584 1997 scriptura
602 1929 738 1995 testetur,
757 1927 823 1996 quia
837 1926 885 1996 iqui
899 1926 964 1981 tictc
1021 1925 1167 1996 exibebat,
1178 1926 1244 1997 quia
1254 1925 1447 1995 cogitationes
1459 1939 1525 1980 snas
1537 1922 1708 1995 duplicitate
1720 1922 1846 1979 obnubi·

138 2011 226 2067 licum
254 2020 390 2084 querunt,
415 2031 569 2085 rrrrmquani
595 2015 725 2070 inuenire
750 2018 908 2080 merentur,
930 2027 965 2067 ex
1021 2010 1110 2079 labat,
1127 2014 1193 2084 quia
1206 2015 1344 2086 puritatis
1355 2012 1534 2083 verbaqnasi
1554 2012 1717 2067 fatuitatem
1731 2010 1845 2081 judica·

138 2101 236 2156 verbis
251 2102 345 2172 patris
363 2104 452 2159 nostri
471 2118 540 2174 sepe
557 2104 608 2158 sari
625 2104 786 2160 audiamus
1022 2103 1190 2171 bat,ctvias
1201 2103 1348 2174 simplices
1360 2101 1532 2157 innocentiae
1545 2100 1720 2169 declinabat,
1735 2098 1845 2156 idcirco

176 2213 188 2237 «ι
207 2189 363 2259 Gregorius
374 2191 540 2263 episcopua,
553 2206 657 2247 servus
670 2205 820 2247 serrorum
835 2191 893 2260 tici,
908 2206 967 2242 tltti·
1016 2191 1394 2262 'sapientiaetranquillitate
1406 2189 1514 2260 pertrui
1524 2203 1704 2260 nequaquam
1715 2194 1843 2261 poterat.

139 2277 225 2333 nibns
241 2278 482 2351 archiepiscopis,
496 2280 652 2352 episcopis,
662 2279 795 2349 ducibus,
811 2278 968 2335 comitibus
1057 2280 1148 2350 igitur
1164 2281 1287 2337 domnus
1303 2295 1376 2353 papa
1400 2279 1477 2351 quod
1493 2283 1622 2349 coeperat
1641 2282 1671 2334 ut
1687 2278 1845 2350 perimeret

137 2366 303 2437 ceterisque
315 2367 497 2439 principibus
509 2382 589 2437 regni
606 2368 868 2424 Tbeutbonicorum
886 2367 966 2422 Girri·
1022 2369 1195 2426 onminrudis
1216 2368 1397 2438 intendebat,
1421 2381 1547 2438 querens
1564 2367 1701 2424 drueatum
1717 2366 1846 2437 qualiter

141 2454 264 2510 stianam
285 2454 370 2511 iidem
392 2457 626 2525 defendentibus,
644 2455 813 2512 salutemet
830 2454 967 2527 apostoli·
1022 2456 1057 2511 ad
1073 2456 1335 2514 Tbeutbonicorum
1353 2468 1472 2524 regnum
1489 2452 1640 2523 transiret,
1656 2458 1685 2508 et
1702 2467 1737 2509 co
1753 2453 1846 2523 magis

137 2558 199 2598 cam
230 2544 473 2600 benedictionem.
505 2544 644 2609 eroniam
674 2559 726 2615 pro
755 2559 853 2600 anrorc
881 2543 968 2614 iusti.
1023 2545 1206 2616 arixiabatur,
1219 2560 1276 2616 quo
1292 2544 1383 2613 magis
1399 2543 1480 2613 regni
1499 2547 1595 2599 status
1610 2542 1796 2598 turbabatur.
1815 2541 1846 2598 Ei

140 2631 197 2696 tiae,
221 2655 232 2680 u
260 2636 316 2688 etc.
353 2632 424 2689 l'a'de
450 2634 528 2689 trater
556 2634 698 2704 aristoles
726 2632 865 2704 Gregorii
901 2633 965 2694 VII,
1024 2634 1159 2705 ιιιιοιιίιιιιι
1176 2634 1277 2690 fideles
1294 2633 1343 2689 ilto
1359 2632 1472 2703 legatos
1485 2631 1682 2689 destinaverat
1699 2631 1749 2701 qui
1765 2635 1846 2687 roto

140 2720 311 2792 Peiraion,
328 2723 350 2774 t.
368 2722 504 2776 bel'lil.
1024 2739 1085 2780 reor
1102 2722 1165 2792 ejus
1181 2738 1236 2779 ιιοιι
1253 2736 1356 2792 segnes
1369 2725 1567 2791 exequutores
1582 2724 1692 2791 essent,
1710 2718 1787 2777 misit
1801 2719 1846 2774 eis

178 2808 259 2872 erod
277 2813 490 2865 sacramentum
507 2823 592 2879 quam
608 2824 709 2880 parum
728 2823 779 2863 rex
794 2808 965 2878 attenderit,
1023 2812 1167 2883 speciales
1182 2826 1234 2883 pro
1250 2812 1304 2868 boe
1318 2809 1440 2880 negocio
1454 2808 1579 2879 litteras,
1598 2809 1734 2865 scribens
1749 2808 1792 2865 eis
1809 2807 1845 2863 ab

143 2893 204 2951 baec
223 2896 345 2967 epistola
364 2900 443 2954 riotat
462 2916 467 2950 :
1023 2900 1128 2955 ltalia:

179 2985 367 3055 «Gregorius
382 2985 549 3057 episcopus,
568 3000 672 3041 servus
688 3000 836 3042 seruorum
852 2985 912 3055 bei,
925 2985 967 3040 di·
1059 3009 1073 3040 u
1094 2989 1250 3059 Gregorius
1274 2989 1440 3061 episcopus,
1467 3002 1570 3044 seruus
1599 3000 1752 3043 serrorum
1782 2986 1844 3056 bei,

142 3072 310 3130 lectissimis
325 3073 352 3131 in
369 3074 484 3129 Gbriste
511 3073 653 3129 iratribus
672 3077 700 3128 ct
722 3072 798 3143 ariis,
824 3072 966 3144 urebiopi-
1022 3075 1845 3135 Berna1·dosanet·,efl0nianaeecciesiaediaconeetlter-

141 3163 247 3234 scopis,
268 3163 424 3234 episcopis,
441 3162 575 3226 duciims,
598 3161 769 3231 comitibus,
791 3161 966 3232 caeterisque
1021 3165 1111 3221 nardo
1131 3164 1303 3222 Massiliensi
1326 3165 1435 3228 abbati,
1459 3164 1629 3220 salutemet
1649 3160 1842 3234 apostolicam

141 3251 333 3321 primipibus,
351 3266 416 3305 rrum
428 3250 504 3305 orrrni
522 3249 628 3321 populo
645 3250 726 3319 regni
743 3250 965 3307 Teutonis-orum
1021 3255 1262 3311 benedictionem.
1278 3252 1463 3309 i'ratcrnitati
1478 3255 1583 3308 vestrm
1595 3253 1695 3308 netum
1707 3264 1843 3308 essenon

141 3338 333 3396 Gbristianam
364 3338 447 3393 tidem
474 3342 502 3393 et
529 3337 699 3407 religionem
729 3338 964 3407 defendentibus
1021 3343 1204 3413 ambigimus,
1221 3362 1235 3395 r
1255 3347 1312 3399 ete.
1329 3342 1412 3413 (173).

142 3426 305 3481 salutemet
317 3425 506 3498 apostolicam
523 3425 764 3482 benedictionem.
1057 3434 1128 3487 item
1144 3430 1180 3487 ad
1196 3430 1326 3501 reliquos
1340 3427 1450 3485 ildelcs.

180 3535 192 3562 u
209 3514 289 3570 Sicut
305 3515 331 3569 in
349 3514 497 3585 prioribus
517 3513 625 3569 litteris
638 3517 667 3569 et
684 3514 847 3584 legatorum
867 3513 965 3569 verbis
1058 3544 1071 3568 ι
1088 3520 1246 3590 Gregorius
1262 3519 1431 3591 episcopua,
1444 3531 1546 3573 servus
1561 3531 1714 3573 servorum
1725 3516 1786 3585 bei,
1800 3532 1847 3573 ar-

141 3601 224 3658 robis
239 3601 478 3671 significavimus,
495 3623 507 3650 r
526 3607 581 3657 etc.
606 3601 770 3670 i'ider'did,
787 3617 814 3656 n.
832 3608 874 3658 33.
962 3659 968 3669 ,
1021 3608 1226 3680 cbicpiscopis,
1243 3607 1398 3679 episeopis,
1417 3605 1552 3676 ducibus,
1567 3605 1725 3663 comitibus
1737 3611 1768 3662 et
1783 3606 1848 3662 uni-

176 3691 228 3756 Qtti
244 3695 339 3747 autem
358 3690 514 3746 tuerintbii
525 3689 622 3746 donmi
635 3706 716 3762 papae
728 3690 814 3759 legati
831 3692 916 3762 (170),
930 3706 967 3748 ex
1022 3700 1116 3754 versis
1142 3696 1250 3753 Cirristi
1275 3695 1411 3751 fidelibus
1425 3694 1453 3749 in
1469 3708 1558 3764 regno
1580 3694 1846 3751 theuthonicorum

140 3779 238 3834 verbis
253 3779 330 3847 regis
346 3778 521 3850 accepimus,
537 3779 692 3835 l‘aduanus
707 3778 822 3834 scilicet
838 3785 866 3835 et
883 3780 967 3836 niba·
1022 3785 1263 3856 consistentibus,
1281 3784 1444 3842 salutemet
1459 3782 1649 3854 apostolicam
1665 3783 1848 3840 benedictio-

141 3882 195 3922 nus
219 3866 346 3938 episcopi
370 3867 455 3938 (171),
472 3882 487 3922 a
505 3867 610 3938 quibus
636 3867 722 3922 etium
741 3866 768 3920 in
793 3867 966 3938 wizeburge
1022 3888 1097 3929 neni.
1122 3875 1226 3928 Notum
1251 3871 1334 3927 vebis
1350 3870 1412 3926 lieri
1428 3869 1573 3939 volumius,
1599 3870 1704 3925 tratres
1727 3869 1848 3926 karissi-

140 3956 268 4025 synodna
282 3958 327 4012 est
345 3955 454 4012 iratiita.
477 3956 547 4024 Regi
567 3956 666 4026 itaque
684 3956 803 4027 praelato
819 3956 965 4027 lieinrico,
1023 3961 1070 4031 mi,
1086 3983 1099 4010 s
1118 3965 1175 4018 etc.
1193 3961 1279 4032 (171).

142 4049 172 4100 ut
191 4043 217 4101 in
236 4045 333 4102 verbis
350 4045 446 4102 donini
465 4060 545 4117 papa
566 4044 704 4114 colligere
723 4060 885 4116 possuurus,
903 4046 966 4102 sola
1059 4050 1172 4106 interea
1197 4047 1360 4116 ileiuricua,
1381 4048 1447 4117 quia
1468 4045 1614 4104 affectatis
1639 4045 1848 4117 iniquitatibus

140 4139 187 4189 est
205 4135 418 4192 communionis
437 4135 531 4205 gratia
552 4135 666 4191 reddita
687 4135 771 4206 (171),
796 4140 966 4192 nontamen
1022 4126 1850 4201 ejussubsequenstarebutenectus,belia,eedes,bomi-

139 4224 418 4293 cognosceremus,
440 4239 493 4280 neu
514 4223 641 4280 nuorrras
660 4224 786 4279 omniun
803 4225 851 4295 qur
872 4225 898 4280 e
920 4225 965 4280 ver
1022 4210 1592 4298 crurapersesuosqueporpauenennon
1605 4204 1780 4297 anes-istebat,
1796 4219 1850 4262 aee·

136 4309 306 4378 jupavepanq
332 4311 377 4367 νθΙ
397 4312 523 4381 juraturi
549 4315 644 4380 epam,
665 4315 696 4367 u,
716 4311 771 4367 Spq
797 4318 966 4368 ,effaretur
1021 4286 1852 4357 elesiarumdestructionemctorrbsdommrerperturba·

979 4395 1007 4460 D
1023 4370 1130 4426 tionem
1140 4368 1256 4458 siciens,
1269 4368 1586 4439 pastorcsabarcclesia
1599 4367 1746 4457 abigebat,
1760 4366 1850 4457 lupos

140 4489 196 4556 est,
214 4492 245 4543 ut
263 4488 338 4544 inter
358 4503 423 4544 eum
439 4494 469 4546 et
486 4489 632 4560 principes
654 4490 893 4562 ultramontanos
915 4493 962 4564 qui
1023 4450 1058 4541 ad
1073 4450 1160 4584 ἓνὶᾞ
1177 4446 1443 4584 suffingffidgffiffi
1454 4451 1484 4583 fut
1494 4462 1587 4582 iffi?
1589 4448 1759 4584 31:⁸3³ssssssss
1771 4447 1851 4593 {2⁶33

139 4573 165 4629 ci
186 4589 274 4632 causa
293 4575 435 4644 iussionis
458 4577 627 4648 apostelicae
650 4578 831 4649 restiterant,
850 4579 964 4649 iustitia
1021 4542 1262 4667 gffffnavlipffliah
1274 4542 1414 4663 desimus
1427 4607 1454 4662 in
1467 4543 1851 4680 p0003q0,{,msete„'eb,.as

142 4665 224 4721 tieret
239 4664 284 4720 vei
303 4679 358 4736 pax
373 4669 610 4736 componeretur,
627 4666 701 4722 sient
723 4667 785 4738 ipse
798 4667 964 4736 jnraurento
1022 4690 1179 4760 dejecerat,
1201 4687 1339 4756 ,voragino
1360 4686 1526 4756 iniquitatis
1547 4685 1710 4751 (remersus,
1728 4690 1760 4740 eq
1774 4685 1849 4741 „1010

141 4770 192 4823 per
207 4753 281 4811 duos
297 4754 451 4825 episcopos
467 4755 652 4827 promiserat.
670 4757 702 4823 (F
704 4754 742 4810 ⁰¹·
761 4754 843 4827 ¹¹92)
860 4758 964 4814 Volunt
1023 4784 1119 4843 pravae
1140 4765 1362 4824 consuetudinis
1376 4765 1509 4835 obrutus,
1534 4766 1661 4836 reprobo
1683 4764 1782 4821 sensui
1803 4770 1849 4820 est

141 4842 274 4911 praedicti
286 4843 414 4914 episcopi
425 4849 454 4898 et
466 4843 612 4914 principes
628 4842 836 4900 ultramontani
848 4845 965 4902 arrdien·
1020 4850 1157 4917 traditus,
1181 4851 1212 4903 nt
1231 4846 1360 4903 nesciret
1385 4860 1507 4916 pensare
1529 4845 1602 4902 ursaia
1624 4859 1688 4916 quae
1710 4844 1848 4907 iaciebat,

140 4934 185 4986 tes
196 4930 277 4988 illurn
289 4947 343 4988 non
357 4946 475 4987 serrare
491 4932 567 5002 quod
586 4932 771 5002 premiserat,
790 4933 871 5001 quasi
885 4934 919 4990 de
930 4949 965 4990 eo
1022 4932 1069 5005 qui
1088 4929 1198 4987 utinam
1210 4928 1277 4983 ritae
1291 4927 1394 4982 itinera
1407 4940 1471 4996 quae
1483 4925 1577 4983 noluit
1588 4939 1640 4997 per
1652 4923 1848 4981 innocentiam

139 4405 318 4470 praeceptum
338 4403 392 4456 est.
419 4401 493 4471 (ici.
514 4400 605 4472 certe.)
631 4400 711 4466 Qriod
733 4401 797 4456 idco
818 4396 965 4460 retentum

937 5085 1047 5141 NOTAE.

177 5192 252 5265 (170)
270 5193 398 5248 Fuerunt
413 5193 597 5251 bernhardus
613 5193 752 5252 diaeonus
767 5197 924 5256 cardinalis
939 5202 967 5256 ct
1060 5196 1134 5268 (171)
1147 5192 1221 5251 Sola
1235 5191 1318 5250 eat·
1346 5189 1626 5248 oasitdeeineereex
1637 5190 1718 5248 Actis
1730 5191 1849 5250 concilii

141 5262 329 5319 bernhardus
361 5263 451 5320 abbas
485 5264 693 5333 Massiliensis;
723 5266 789 5323 ride
820 5270 894 5338 ch.
925 5286 967 5341 rr,
1024 5266 1186 5324 Romania.
1205 5268 1284 5321 1080.
1333 5262 1394 5318 ausi
1411 5263 1466 5331 lili,
1483 5264 1544 5318 531.

142 5337 187 5404 33,
204 5336 248 5389 et.
1062 5336 1221 5410 (17311113
1238 5334 1400 5405 Carpinctae
1417 5349 1436 5389 ιι
1451 5332 1512 5389 itai.
1534 5331 1622 5402 lunii,
1640 5331 1698 5388 ind.
1717 5337 1762 5403 aa,
1778 5333 1849 5403 lieg.

181 5403 256 5474 (171)
277 5402 310 5458 iti
332 5416 406 5460 anuo
425 5404 540 5462 demum
556 5411 624 5464 1079
643 5408 678 5463 ad
700 5408 867 5467 ileinricum
890 5410 968 5467 nrissi
1026 5409 1071 5479 lV,
1088 5413 1131 5465 13.
1148 5408 1179 5462 li.
1198 5404 1390 5478 (Patrologt'oe
1408 5408 1429 5460 t.
1447 5402 1600 5474 Glibiiiil.)

146 5478 226 5533 sunt.
248 5471 398 5530 bertholdi
416 5475 488 5531 Anu.
509 5492 536 5549 p,
553 5479 614 5535 318.
1062 5477 1136 5551 (171)
1155 5478 1227 5537 bata
1243 5479 1275 5535 ut
1291 5489 1390 5548 supra.
1407 5474 1591 5547 aegistus,
1608 5477 1651 5533 31.
