3788 5992
79 287 139 350 7⁴9

520 284 739 349 llllRONlCA.
757 322 794 333 —
815 282 1057 350 CHRONICON
1078 281 1344 351 UNIVERSALE

1723 285 1783 352 750

81 439 161 493 roro,
179 423 316 478 defuncto
334 421 496 490 walamiro,
515 421 550 475 ad
569 422 687 476 fratrom
705 420 904 491 ejusbietma·
918 419 945 479 Α
961 420 1093 494 ριιιιιρι
1118 420 1249 479 directus
1274 435 1346 482 cnm
1367 419 1498 477 exercitu
1521 419 1699 477 morabatur.
1726 422 1781 487 Qui

81 526 143 567 rum
155 510 338 580 confugiunt,
351 524 474 580 euinque
487 524 584 579 regern
598 509 792 566 ιιιιιιιιιιιι.
807 510 901 578 (loun.

80 615 105 656 e.
123 601 158 655 ιιι
173 600 251 670 sqq.)
268 598 320 666 (ιιι
336 597 468 668 quamvis
485 598 593 654 alardum
606 614 670 654 cnm
684 599 774 654 fratre
787 611 904 669 regnas-

81 690 136 758 set,
152 687 292 743 auctioris
307 686 341 719 ⁸⁷⁰
357 693 450 742 tamen
472 687 630 757 potestatis
655 687 777 756 insignia
804 685 901 756 sunrit,

82 774 211 847 bellique
228 781 310 847 parto
331 780 461 846 coaetus,
485 791 550 832 earm
578 776 668 831 iratro
694 776 843 832 tvitirnaro
867 774 903 831 ad

82 879 160 921 arma
178 864 314 937 prosiliit,
332 868 527 934 consertoque
543 863 655 935 praelio,
673 864 806 936 superior
826 865 902 920 faeta

961 509 1027 567 dum
1044 509 1169 578 rideret,
1185 509 1403 566 Thesalonicam
1430 509 1506 566 vallo
1532 508 1647 580 nnmiri,
1673 523 1727 566 nee
1750 525 1782 568 se

960 613 1048 670 posse
1064 599 1219 655 conatibus
1233 613 1332 655 eoram
1349 598 1498 668 resistere,
1522 598 1610 654 missa
1636 597 1782 668 legatione

960 687 995 741 ad
1012 686 1188 743 [tietmarum
1205 702 1301 758 regom
1319 703 1383 745 cnm
1399 687 1577 756 maneribus,
1600 686 1723 758 rogavit,
1750 690 1781 743 nt

960 776 995 830 ah
1009 775 1123 832 excidio
1143 776 1224 832 urbis
1238 776 1438 848 detorqueret,
1458 777 1589 847 initoque
1605 776 1713 832 foedere
1728 774 1783 832 Ro·

959 879 1060 922 manns
1081 864 1187 921 ductor
1203 881 1268 922 enm
1290 866 1400 938 Gothis,
1426 866 1487 922 loca
1512 880 1576 937 quan
1599 862 1781 922 incoluerant

81 958 128 1010 ιιι
143 968 212 1024 pars
228 954 397 1023 Gothorum,
415 953 488 1009 adeo
504 958 536 1009 ιι
561 968 680 1024 campus
703 952 902 1008 corruentium
956 952 1013 1021 jam
1026 957 1128 1024 sponte
1139 954 1262 1011 tradidit
1273 955 1326 1025 eis,
1340 954 1439 1025 ibique
1450 954 1552 1009 Gothis
1564 967 1629 1009 eum
1642 965 1779 1023 regesne,

83 1040 265 1098 inimieorum
282 1056 386 1097 cruore
404 1042 583 1098 madefactus
600 1046 630 1098 ιι
648 1042 769 1097 rubrum
782 1039 902 1120 pelagus
960 1040 1100 1111 depositis
1115 1042 1211 1114 armis,
1226 1044 1253 1099 in
1267 1057 1337 1115 pace
1349 1043 1531 1113 quieverunt.
1546 1043 1603 1098 Nec
1618 1041 1665 1097 diu
1680 1046 1781 1111 postea

81 1133 247 1201 appareret,
265 1143 401 1200 armaque
418 1133 446 1184 ot
462 1131 605 1185 cadavera
622 1129 688 1202 plus
704 1143 790 1200 quam
803 1130 902 1186 decem
959 1143 1012 1184 rex
1032 1129 1196 1188 Dietmarus
1216 1131 1389 1202 egritudine
1413 1136 1582 1202 occupatus,
1607 1130 1720 1186 vocatis
1745 1128 1781 1189 ad

81 1215 203 1288 milium,
220 1217 248 1272 in
264 1217 377 1273 modum
393 1217 511 1274 eolliam
525 1218 685 1287 cumulata,
706 1232 838 1287 eampum
860 1233 905 1274 re·
960 1232 991 1273 se
1006 1218 1116 1289 Gothis,
1138 1220 1346 1277 Theodericum
1371 1219 1460 1276 filium
1485 1235 1568 1276 suram
1595 1219 1675 1290 regni
1699 1219 1782 1277 here·

82 1307 206 1379 plorent.
224 1306 293 1362 inde
310 1307 402 1362 victor
420 1307 456 1362 ad
482 1306 615 1378 proprias
640 1306 726 1363 sedes
751 1310 904 1364 revertens
960 1305 1024 1363 dem
1042 1307 1119 1377 lecit,
1136 1313 1164 1365 et
1182 1309 1243 1380 ipse
1259 1324 1324 1366 mox
1339 1307 1373 1342 ⁸⁷³
1389 1308 1477 1365 rebus
1493 1307 1627 1364 humanis
1641 1309 1778 1366 excessit.

81 1396 248 1452 Dietmarus
262 1410 328 1451 enm
343 1396 452 1465 Gothis,
467 1396 674 1452 Theodericum
700 1395 790 1453 illium
806 1411 901 1467 suum,
995 1395 1046 1465 (H.
1058 1397 1368 1469 fi.etH.m.Cf.tonn.)
1378 1397 1781 1469 eorarnporeregnumorien-

83 1499 167 1557 quem
184 1485 315 1542 obsidem
331 1485 461 1554 dederat,
478 1501 492 1541 a
507 1487 599 1541 Leone
615 1485 792 1556 imperatore
805 1485 904 1542 remis·
960 1483 1017 1540 tale
1028 1485 1103 1541 Zeno
1114 1485 1272 1558 imperator
1282 1488 1417 1544 habebat.
1431 1486 1484 1553 Qui
1497 1485 1618 1542 audiens
1628 1485 1781 1542 Theoderi-

81 1588 146 1631 sum
161 1589 226 1631 oum
243 1574 354 1643 magnis
379 1573 557 1644 muneribus,
583 1576 735 1645 gratanter
760 1574 900 1645 suscepit.
959 1585 1023 1629 cunr
1034 1573 1132 1642 gentis
1143 1589 1203 1631 ιιιι
1216 1590 1312 1646 regem
1323 1589 1400 1644 esse,
1412 1579 1496 1646 grate
1507 1572 1689 1645 876ιιιιιιιι,
1702 1587 1781 1630 cum·

81 1661 135 1729 Qui
151 1677 216 1720 cam
230 1663 288 1734 jam
304 1662 403 1718 decem
420 1665 448 1717 et
463 1667 530 1718 octo
546 1677 686 1719 annorum
703 1666 791 1733 esset,
808 1677 844 1719 ex
858 1676 904 1719 sa·
959 1675 1016 1732 que
1031 1662 1066 1718 ad
1081 1677 1112 1718 se
1129 1663 1407 1735 Constantinopolim
1419 1662 1518 1719 venire
1529 1661 1671 1734 precepit,
1684 1661 1781 1732 digne·

82 1750 227 1807 tellitihus
236 1758 266 1807 ιι
275 1766 311 1806 ex
323 1750 429 1823 popolo
441 1751 533 1822 patris
543 1751 629 1820 elegit
641 1750 697 1807 sibi
711 1765 781 1822 pene
792 1765 845 1807 sex
855 1751 903 1806 nri·
916 1782 944 1845 Β
960 1764 1016 1821 qne
1033 1756 1204 1822 susceptum
1220 1751 1296 1808 inter
1306 1766 1445 1824 proceres
1461 1751 1561 1823 palatii
1573 1750 1738 1822 collocavit,
1749 1755 1780 1807 et

80 1837 119 1896 ιιι
130 1839 271 1909 virorum,
284 1854 349 1896 curn
361 1839 467 1908 quibus
478 1845 560 1911 patre
573 1839 675 1908 inscio,
686 1853 842 1910 permenso
853 1841 903 1895 ba·
959 1839 1469 1912 postaliquodtempusinfiliumsibi
1481 1839 1635 1912 adoptans,
1647 1838 1781 1896 consula·

79 1927 180 1999 nubio,
198 1930 394 1984 Sarmatarum
405 1942 501 1998 regem
514 1928 649 1999 incurrit,
662 1942 784 1999 eumque
796 1927 903 1983 intere·
940 1996 947 2012 .
960 1927 1624 2001 ribusfascibus,quaedignitsspostinperiale
1633 1927 1780 1998 fastigium

79 2016 143 2088 mit,
160 2016 355 2086 familiamque
370 2030 403 2072 ae
418 2031 536 2073 censam
553 2016 728 2087 depredans,
743 2016 778 2072 ad
789 2017 902 2088 genito·
957 2015 1050 2086 prima
1073 2020 1126 2087 ost,
1151 2031 1215 2073 cum
1240 2016 1418 2088 sublimavit,
1444 2031 1497 2074 nec
1522 2015 1614 2074 solum
1638 2015 1703 2087 hoe,
1727 2014 1780 2073 scd

79 2120 141 2162 rem
156 2120 240 2162 suum
254 2120 319 2161 curn
332 2105 455 2162 victoria
472 2105 568 2161 rediit.
587 2104 776 2174 Singidunum
797 2104 902 2162 dehinc
957 2103 1044 2161 etiam
1060 2111 1225 2176 equestrem
1242 2108 1368 2163 statuam
1386 2107 1420 2162 ad
1437 2106 1540 2162 famam
1557 2106 1630 2162 tanti
1641 2107 1697 2163 viri
1712 2109 1779 2164 ante

77 2194 240 2263 civitatem,
257 2208 341 2264 qnam
357 2194 431 2250 idem
447 2193 585 2250 Sarmatae
606 2193 804 2264 possidebant,
824 2193 902 2250 inva-
959 2192 1097 2264 palatium
1114 2208 1196 2250 suum
1210 2193 1236 2249 ei
1247 2193 1413 2251 constituit.
1426 2195 1463 2250 ht
1474 2208 1554 2264 rere,
1566 2193 1633 2250 dum
1645 2194 1780 2266 hujusce·

79 2281 163 2349 dens,
180 2297 235 2339 uon
251 2283 387 2339 Romanis
404 2281 455 2337 sed
473 2297 534 2338 snae
550 2281 679 2338 subdidit
696 2281 810 2339 ditioni.
957 2280 1034 2337 modi
1051 2280 1161 2337 delitiis
1176 2281 1373 2339 Theodericus
1393 2282 1469 2354 apud
1495 2282 1778 2355 Constantinopolim

114 2370 323 2427 Deficientibus
339 2369 443 2426 dehinc
459 2370 618 2426 vicinarum
633 2370 764 2440 gentium
786 2370 900 2443 spoliis,
957 2368 1097 2441 fluitaret,
1114 2384 1188 2441 gens
1203 2369 1293 2442 illins,
1310 2371 1337 2427 id
1354 2374 1397 2427 est
1421 2370 1615 2441 Ostrogothae,
1643 2370 1710 2427 dum
1734 2371 1778 2430 eis

78 2459 170 2531 eoepit
181 2464 209 2515 et
222 2459 324 2516 Gothis
336 2459 902 2531 victusvostitusquedeiicere,athomi·
956 2460 1078 2529 propter
1093 2456 1159 2515 fidei
1176 2458 1357 2515 sanctionem
1374 2457 1480 2530 predas
1496 2471 1582 2528 agere
1598 2472 1678 2514 more
1690 2457 1779 2516 solito

77 2547 176 2619 nibus,
194 2549 242 2619 qui
258 2549 366 2606 dudum
382 2547 458 2604 bello
474 2547 620 2618 virebant,
642 2564 699 2620 pax
724 2548 813 2621 eoepit
838 2561 901 2606 esso
956 2559 1013 2601 uon
1024 2545 1137 2618 liceret,
1151 2561 1202 2604 nec
1213 2550 1310 2603 tamen
1322 2547 1357 2602 ab
1369 2546 1546 2618 imperatore
1559 2545 1657 2603 oblata
1668 2545 1778 2618 stipen-

76 2638 236 2708 eentraria,
253 2652 411 2708 omnesque
427 2652 493 2693 cum
510 2652 613 2706 magno
628 2636 756 2694 clamore
774 2637 808 2693 ad
824 2637 901 2695 biot-
956 2633 1003 2690 dia
1019 2635 1073 2692 sihi
1097 2635 1275 2706 sufficerent,
1302 2650 1358 2692 non
1386 2635 1502 2692 minima
1526 2635 1620 2693 coacti
1644 2636 1775 2709 penuria,

77 2741 190 2785 marum
203 2727 386 2796 accedentes,
404 2731 498 2797 orant,
517 2731 548 2783 ιι
566 2726 593 2781 ιι
610 2740 821 2797 quamcumque
837 2741 901 2799 par·
955 2723 1147 2795 compositum
1163 2723 1258 2782 foedus
1274 2729 1459 2795 execrantur,
1477 2723 1609 2780 inutilem
1622 2724 1778 2783 factionem

76 2820 136 2874 tem
151 2813 185 2850 ⁸⁷¹
200 2815 289 2872 vellet
305 2815 465 2871 exercitum
481 2815 612 2885 duceret,
631 2815 697 2885 quia
724 2815 835 2871 diutius
860 2815 899 2871 ibi
956 2812 1134 2885 vituperant,
1152 2813 1331 2885 mittuntque
1344 2812 1486 2870 ¹continuo
1501 2813 1537 2869 ιιι
1557 2813 1776 2886 Theodericum,

76 2919 197 2964 manere
213 2919 269 2961 non
286 2909 386 2975 posset
401 2903 445 2959 ⁸⁷².
464 2903 516 2969 Qui
533 2904 628 2960 accito
642 2919 780 2973 germano
791 2909 900 2961 sortem
957 2902 1006 2972 qui
1018 2901 1162 2973 dicerent,
1175 2916 1248 2974 quas
1258 2902 1364 2975 inopiae
1376 2902 1508 2960 miserias
1519 2902 1574 2974 ipsi
1585 2903 1775 2976 sustinerent,

77 2993 167 3064 misit,
182 2999 212 3051 et
228 2993 379 3049 witimaro
395 2992 488 3062 ltalia,
506 2992 682 3048 [tietmarum
699 2992 839 3049 illiricum
851 3008 901 3066 po·
957 2990 1024 3047 dum
1040 2990 1089 3047 ille
1105 2992 1265 3049 Grecorum
1279 2991 1376 3065 epulis
1392 2991 1596 3064 superflueret,
1609 2992 1779 3050 hortantur·

77 3082 236 3156 pulandum
251 3081 378 3139 obvenit.
395 3081 507 3138 Relicta
529 3081 618 3150 igitur
643 3082 800 3153 Pannonia,
825 3081 901 3138 alter
957 3093 1022 3150 qne,
1040 3084 1082 3150 ut,
1099 3081 1123 3136 si
1137 3080 1198 3138 suis
1213 3081 1327 3152 sibique
1341 3080 1497 3138 consulere
1512 3079 1593 3149 velit,
1620 3079 1709 3138 eitius
1734 3095 1778 3138 re·

75 3170 200 3241 ltaliam,
217 3169 292 3227 alter
307 3169 446 3226 illiricum
463 3170 610 3241 suscepit:
624 3170 676 3226 sed
692 3169 823 3226 ll'itimar
833 3184 900 3227 mox
915 3139 941 3205 G
956 3169 1034 3240 deat,
1052 3169 1199 3242 quatinus,
1216 3185 1251 3227 ne
1266 3169 1300 3204 ⁸⁷⁵
1316 3175 1423 3228 cuneta
1433 3184 1505 3241 gens
1515 3176 1614 3241 pereat
1626 3173 1655 3226 ct
1667 3170 1716 3227 ubi
1728 3185 1777 3228 nn·

76 3265 109 3318 ut
135 3259 246 3316 ltaliam
273 3258 403 3329 intravit,
426 3259 514 3314 rebus
536 3257 670 3315 humanis
693 3258 831 3330 excessit,
857 3273 900 3317 rc·
955 3272 1006 3315 vas
1026 3257 1061 3315 ad
1087 3258 1275 3316 habitandum
1301 3263 1396 3316 terras
1419 3259 1586 3330 exquirant,
1610 3259 1774 3329 provideat.

72 3361 222 3419 gnumque
238 3346 297 3403 ulio
313 3363 366 3404 sno
380 3346 434 3402 sibi
447 3345 598 3417 equivoco
611 3347 741 3418 reliquit.
755 3347 845 3413 Quem
857 3347 900 3402 Li·
955 3349 1029 3405 Ante
1044 3361 1100 3404 non
1115 3348 1217 3420 plures
1231 3354 1326 3406 autem
1342 3362 1434 3405 annos
1449 3347 1580 3404 Odoacar
1600 3346 1634 3381 ⁸⁷⁶
1659 3347 1775 3419 quidam

72 3437 183 3506 cerias,
201 3436 248 3506 qui
265 3439 335 3492 tunc
352 3436 427 3492 forte
443 3435 608 3506 imperavit,
626 3436 797 3494 muneribus
820 3437 899 3495 datis
955 3435 1056 3492 exiens
1071 3437 1106 3492 ab
1122 3437 1263 3494 extremis
1277 3437 1383 3494 finibus
1399 3436 1553 3493 Pannonias
1568 3451 1633 3492 curn
1650 3436 1776 3494 fortissi-

76 3525 114 3583 ad
131 3525 251 3581 Galliam
266 3523 430 3595 transtulit,
449 3527 482 3580 ut
498 3539 550 3596 por
560 3524 747 3597 Wisigothae,
761 3529 899 3598 parentes
954 3537 998 3580 ma
1009 3524 1182 3582 herulorum
1194 3524 1394 3596 multitudine,
1405 3524 1777 3596 iretusiusuperfnrcilin·

74 3626 155 3682 suos,
173 3616 318 3683 regnaret.
336 3612 483 3680 Witimar,
499 3613 629 3684 acceptis
640 3614 835 3671 muneribnsa
856 3615 900 3670 Li·
953 3625 1057 3681 goram
1073 3612 1133 3671 sive
1148 3613 1302 3684 scyrorum
1317 3613 1444 3685 auxiliis,
1455 3612 1567 3669 ltaliam
1579 3613 1667 3684 vonit,
1682 3611 1775 3670 nullo·

73 3701 164 3771 oeric,
173 3701 292 3756 Galliam
303 3701 405 3772 tendit,
418 3716 542 3773 seseque
551 3702 899 3773 parentibnslllisigothis
954 3714 1010 3772 que
1019 3701 1185 3774 resistente,
1199 3707 1291 3758 totam
1304 3702 1416 3759 ltaliam
1427 3701 1772 3774 Romamqneoeeupavit,

71 3791 209 3862 jungens,
227 3805 313 3847 anum
329 3805 437 3861 eorpus
453 3806 519 3847 curn
535 3791 578 3846 eis
592 3791 726 3861 eflicitur,
739 3796 768 3847 ιι
780 3793 822 3848 ιιι
834 3791 898 3847 Gal·
953 3794 983 3846 et
999 3803 1050 3861 per
1066 3793 1100 3847 ιι
1114 3806 1204 3848 anxios
1219 3792 1259 3847 ibi
1276 3791 1417 3862 regnavit.
1428 3791 1625 3848 Theodericus
1635 3804 1714 3862 vero,
1728 3805 1776 3847 co·

74 3878 141 3935 liam
158 3878 382 3951 Hispaniamque
399 3885 510 3950 tenens,
536 3895 589 3936 suo
610 3880 676 3949 jure
697 3879 837 3951 defendit,
864 3885 895 3938 ιι
951 3879 1042 3949 gnitis
1057 3895 1176 3937 suornm
1192 3880 1392 3952 querimoniis,
1409 3881 1445 3937 ad
1461 3885 1617 3950 angustum
1632 3880 1775 3939 Zenonem

72 3967 172 4025 nullus
187 3969 243 4025 sibi
258 3969 332 4025 alins
349 3967 525 4039 prevaleret.
544 3968 585 4038 (C.
603 3970 708 4040 ta-tr.)
725 3969 896 4038 wisigothis
953 3967 1775 4041 accedit,penuriamqnestusquesnorumexponit,abso·

72 4071 143 4114 vero
159 4062 224 4129 post
239 4058 457 4128 Theodericum,
476 4057 524 4127 qai
541 4057 568 4112 in
587 4056 673 4129 hello,
686 4059 761 4130 qnod
775 4059 896 4116 Romani
951 4054 1093 4113 lutioucm
1109 4057 1259 4127 elllagitat,
1286 4056 1399 4113 ltaliam
1427 4057 1482 4113 sibi
1506 4058 1569 4113 dari
1592 4057 1773 4130 expostulat,

72 4151 102 4202 et
117 4145 287 4216 Wisigothae
303 4163 368 4204 curn
385 4146 476 4201 Attila
494 4148 641 4203 lfunorum
656 4162 724 4218 rege
751 4148 893 4221 fecerunt,
952 4143 1100 4217 adjiciens,
1118 4146 1184 4217 quia
1202 4146 1226 4203 si
1248 4145 1282 4179 ιιι
1308 4161 1448 4217 superare
1471 4151 1571 4217 posset
1595 4146 1774 4205 odoacarem

72 4235 223 4306 occubuit,
240 4235 387 4305 filiuseius
399 4235 629 4293 Thurismnndus
641 4236 758 4307 prefuit.
772 4237 834 4303 Quo
847 4237 895 4295 de·
951 4234 1123 4306 italiamque
1139 4235 1283 4307 obtinere,
1301 4236 1336 4291 ad
1352 4235 1417 4305 eins
1430 4233 1552 4306 gloriam
1568 4236 1773 4294 redundareta

72 4324 183 4394 iuueto,
200 4324 405 4395 Theodericus,
419 4325 511 4381 frater
526 4325 600 4395 ejus,
611 4325 895 4397 inregnumsueces-
952 4338 1010 4395 quo
1024 4324 1155 4381 directus
1169 4324 1281 4396 fuisset,
1297 4325 1342 4381 sin
1359 4321 1435 4380 bello
1451 4327 1610 4396 superatus
1631 4324 1716 4397 foret,
1733 4340 1773 4382 nr·

72 4412 122 4484 sit,
140 4413 263 4484 ipsoque
280 4418 326 4469 130
338 4414 420 4484 regni
431 4414 476 4471 sui
487 4428 562 4470 anrao
574 4414 744 4484 decedente,
758 4414 827 4472 item
839 4417 894 4474 ira·
951 4413 1128 4471 childminus
1143 4414 1233 4471 lucris
1249 4414 1313 4484 eius
1327 4417 1521 4483 accresceret,
1538 4413 1774 4486 quandoquidem

70 4504 118 4559 ter
133 4502 893 4576 eorumEnrieusregnumassumens,190annovita
908 4499 937 4563 B
952 4503 1166 4561 cotidianorum
1192 4503 1405 4576 stipendiorum
1435 4503 1624 4561 exactoribus
1646 4509 1771 4560 careret.

71 4603 220 4662 regnoque
237 4591 369 4662 privatus
384 4599 439 4664 est,
454 4593 724 4666 relinquenssrlium
736 4595 817 4666 regni
829 4610 894 4653 suc·
951 4592 1029 4651 Talia
1045 4594 1119 4652 Zeno
1134 4593 1266 4665 audiens,
1282 4593 1351 4650 licet
1367 4608 1444 4664 aegre
1466 4594 1556 4650 ferret
1577 4593 1640 4665 ejus
1664 4592 1774 4650 disces-

71 4692 229 4751 cessorem,
246 4681 361 4736 nomine
376 4681 533 4754 Alaricum,
547 4685 595 4755 qui
612 4699 706 4743 nonas
722 4685 757 4741 ab
774 4684 824 4742 illo
837 4700 896 4743 ma·
952 4683 1196 4755 sum,deliberato
1206 4688 1301 4740 tamen
1311 4681 1446 4751 consilio,
1460 4683 1502 4739 rei
1514 4682 1638 4754 publice
1650 4682 1772 4740 utilitati

69 4781 127 4839 gno
143 4768 259 4827 Alarico
276 4786 396 4840 regnum
413 4772 536 4842 adeptus
551 4779 594 4829 est
610 4775 847 4844 Wisigotharum.
951 4774 1220 4847 prospiciensque
1232 4770 1772 4846 petitionihnsanuuit,ltaliarnqueilli

106 4858 147 4930 (C.
165 4858 220 4930 ιιι.)
243 4859 371 4916 ιιιιιιιιι
395 4875 464 4916 vero
490 4861 635 4917 transiens
659 4866 744 4920 Saxam
769 4879 891 4938 ιιιιιιιι,

69 4948 211 5005 Sarmatis
227 4947 335 5005 bellum
351 4950 515 5020 intentarit,
533 4952 557 5007 si
580 4951 645 5022 qnis
670 4952 724 5008 sibi
748 4955 891 5028 obstaret,

69 5035 188 5110 illisque
204 5038 424 5113 quiescentibus
442 5058 493 5102 nec
504 5043 540 5101 ad
551 5046 660 5103 tantam
673 5042 892 5104 multitudinem

69 5128 300 5205 prevalentibus,
317 5133 425 5189 transit
441 5134 468 5190 in
484 5133 635 5207 illiricum,
652 5140 682 5192 et
702 5135 810 5207 ubique
826 5150 893 5208 pro·

70 5216 155 5291 spere
180 5232 269 5290 agens
292 5221 457 5294 multasque
480 5223 615 5280 civitates
640 5225 695 5281 sibi
720 5224 890 5299 subjiciens,

70 5307 288 5370 Τιιιιιοιιιιιι
303 5311 399 5386 petiit,
414 5313 444 5371 in
460 5327 516 5388 qua
529 5313 703 5373 helarianus
716 5315 860 5398 patricius
875 5329 893 5371 a

951 4865 1094 4933 tribuens,
1122 4867 1315 4935 senatumque
1340 4877 1374 4919 ac
1400 4862 1538 4935 populum
1563 4863 1722 4918 Romanum
1746 4861 1772 4918 ei

950 4953 1147 5022 committens,
1164 4953 1276 5024 magnis
1291 4951 1416 5009 ditatum
1432 4951 1602 5009 muneribus
1615 4950 1697 5008 abire
1709 4965 1773 5023 per-

950 5043 1039 5100 misit.
1057 5044 1200 5113 Egressus
1216 5041 1305 5113 igitur
1321 5057 1337 5099 a
1354 5038 1607 5112 Constantinopoli
1620 5039 1775 5098 Theoderi-

949 5146 1012 5205 cus,
1033 5132 1069 5188 ad
1094 5132 1288 5202 ostrogothas
1311 5130 1481 5201 revertitur,
1505 5129 1698 5202 hortaturque
1720 5145 1773 5188 eoa

950 5222 1098 5294 continuo,
1116 5227 1149 5281 ut
1174 5236 1259 5295 quam
1284 5219 1410 5296 primurn
1434 5219 1530 5296 parati
1554 5220 1612 5281 sint
1634 5224 1664 5279 et
1689 5218 1773 5293 quasi

950 5313 1115 5389 possessuri
1130 5312 1243 5375 ltaliam
1258 5314 1493 5392 proficiscantur.
1511 5312 1566 5382 Qui
1584 5327 1650 5371 cum
1672 5323 1773 5370 omnes

748 5431 869 5488 VARIAE
888 5428 1090 5492 LEGTIONES.

108 5532 144 5568 ⁸⁷⁰
159 5532 364 5618 imilli⁰f189⁰·
402 5535 436 5569 ⁸⁷¹
461 5551 642 5609 quacumque
665 5542 749 5611 farte
771 5545 809 5598 90.
848 5538 884 5575 ⁸⁷¹
905 5547 1029 5616 possent
1052 5546 1077 5598 ιι.
1116 5539 1150 5575 ⁸⁷³
1172 5540 1255 5601 dccet
1275 5545 1313 5598 m.
1352 5539 1387 5573 ⁸⁷⁸
1409 5536 1561 5610 gratulans
1586 5543 1622 5596 fit.
1662 5538 1696 5574 ⁸³⁶
1721 5551 1774 5598 nec

77 5608 116 5663 ιιι.
155 5604 191 5640 ⁸¹⁸
204 5607 350 5666 odoaccar
363 5609 389 5664 ι.
407 5612 432 5666 ι.
449 5612 487 5666 ιι
504 5614 547 5666 ιο.
564 5622 677 5683 semper
685 5629 699 5684 ;
711 5610 764 5669 scd
778 5616 802 5670 ι.
812 5612 921 5687 porea
934 5613 1064 5678 edocear
1080 5611 1196 5675 amitit.
1234 5611 1268 5649 ⁸⁷⁷
1282 5613 1368 5687 quasi
1382 5610 1480 5672 cedda
