3788 6000
80 135 138 200 att
659 112 898 184 extenuant
920 110 1200 179 URAUGIENSIS
1721 114 1780 175 alc

82 284 141 331 nux
156 266 356 342 Foroiulianus
369 266 396 322 in
414 263 549 321 Liburnia
563 264 646 335 juxta
660 258 806 316 tarsicam
817 253 902 311 mari·
915 251 946 314 A
959 252 1036 308 niam
1050 257 1080 308 et
1095 249 1258 323 eremitam
1274 249 1302 306 in
1319 242 1412 306 altera
1433 251 1555 308 Danubii
1575 248 1638 324 ripa
1654 253 1782 326 Daciam,

80 362 180 419 limam
197 359 345 416 ciuitatem
357 353 474 411 insidiis
486 351 697 423 oppidanorum
709 348 900 416 interceptus,
959 340 1096 398 Histriam
1118 353 1232 410 quoquc
1247 342 1277 395 et
1296 338 1467 409 Lyltnrniam
1488 344 1576 410 atque
1597 341 1782 410 Dalmatiam,

81 454 112 507 el
126 447 270 505 Geroldus
287 443 425 515 llajoarize
447 441 604 513 praelectus
620 437 647 493 in
664 434 820 504 Pannonia,
838 447 903 491 cum
959 429 1089 500 exceptis
1099 427 1251 484 maritumis
1261 428 1441 498 civitatibus,
1453 431 1570 499 qnasolr
1579 431 1743 488 amiciciam
1755 438 1785 488 ot

83 543 186 595 contra
198 536 296 591 llunos
309 529 495 604 praeliaturus
508 527 597 583 aciem
610 529 747 592 strueret,
760 521 903 578 incertum
955 515 1089 587 iunctum
1100 529 1165 571 etim
1177 527 1211 570 ΘΟ
1222 514 1314 570 soedus
1326 516 1681 592 Constantinopolitanae]
1697 520 1786 591 impe-

84 641 99 683 a
116 640 185 697 quo,
201 639 266 680 cum
283 620 399 678 duobus
414 622 525 674 tantum
541 614 590 686 qui
605 627 669 670 cum
686 610 904 681 obequitantem
960 609 1087 662 ratorem
1099 604 1205 659 habero
1217 603 1359 675 permisit,
1373 603 1477 660 deiude
1488 621 1588 662 omnes
1601 608 1744 664 barbaras
1757 612 1785 665 ot

85 730 118 773 ae
130 711 262 783 singulos
272 708 474 766 cohortantem
489 703 714 770 comitabantur,
731 700 905 756 interiectus
962 694 1038 750 ieras
1054 694 1198 763 nationes,
1219 706 1283 763 quar
1304 693 1380 748 inter
1395 693 1524 750 Rhenum
1541 709 1573 750 ae
1589 695 1717 751 visulam
1735 697 1785 753 llu-

86 806 140 859 est.
157 801 291 857 Ceterum
309 796 490 851 incruentum
511 805 582 863 pene
598 788 716 846 Francis
732 787 839 843 bellum
851 787 906 842 hoc
961 781 1024 838 vios
1039 794 1238 851 oceanumque
1253 795 1286 837 ae
1302 780 1461 836 llanulrinm
1478 781 1590 852 positae,
1608 782 1708 854 lingua
1725 785 1785 854 qui·

86 884 410 960 luilotprosperrimum
422 881 531 938 exitum
543 878 655 947 habuit,
667 873 906 933 tametsidiutius
962 871 1026 927 dent
1040 884 1112 941 pene
1124 869 1245 939 similes,
1261 869 1390 925 moritus
1400 883 1470 926 xero
1481 874 1569 940 atquo
1584 871 1687 927 habitu
1702 872 1787 929 ualde

85 978 130 1038 sui
147 972 345 1046 magnitudine
365 971 542 1027 traheretur.
564 969 634 1023 Post
654 963 730 1036 quod
745 968 774 1021 et
790 961 908 1019 Saxoui·
963 959 1130 1022 dissimiles,
1147 957 1326 1014 Germaniam
1344 957 1485 1028 incolunt,
1504 959 1542 1014 ila
1560 955 1738 1031 perdomnit,
1759 969 1790 1018 ut

85 1082 151 1125 cum
162 1078 213 1122 sua
227 1061 397 1136 prolixitate
411 1062 620 1129 congruentem
635 1055 719 1110 linem
737 1052 861 1124 accepit.
874 1081 908 1090 -
963 1062 1013 1103 aas
1027 1046 1199 1102 tributarias
1214 1045 1352 1101 ediceret.
1370 1046 1457 1122 drrxit
1469 1046 1555 1102 otiam
1567 1045 1692 1112 gloriam
1708 1050 1790 1119 regui

86 1153 249 1212 noemieunr
263 1163 377 1220 qnoque
390 1152 420 1203 et
432 1145 599 1213 tilonierrrn,
617 1158 681 1214 quae
694 1147 795 1214 postea
807 1145 908 1197 exorta
964 1137 1019 1206 su²,
1036 1134 1207 1206 quibusdam
1224 1134 1343 1203 regibus
1359 1149 1390 1189 ac
1405 1135 1542 1204 genitibus
1558 1151 1609 1207 per
1623 1137 1789 1194 amiciciam

85 1248 164 1311 gunt,
180 1241 285 1298 durare
296 1251 351 1293 non
363 1239 533 1308 potuerunt,
552 1247 673 1303 quorum
686 1235 842 1302 utrumque
859 1229 909 1286 du·
965 1225 1018 1281 sihi
1035 1224 1208 1294 conjunclis.
1230 1222 1310 1279 Adeo
1325 1236 1449 1292 natuque
1466 1223 1652 1295 adefonsum,
1671 1225 1790 1283 Galieiae

85 1338 136 1390 etu
151 1327 247 1386 Karoli
257 1326 383 1397 junioris
394 1323 483 1380 celeri
496 1322 553 1378 line
561 1322 740 1392 completum
750 1323 805 1375 est.
817 1348 851 1359 -
863 1316 910 1374 Ul·
965 1317 1053 1384 atque
1065 1310 1372 1381 Asturicae¹¹²⁶regern,
1384 1310 1438 1366 sibi
1452 1311 1594 1368 societate
1606 1313 1749 1385 devinxit,
1760 1323 1790 1371 ut

87 1420 189 1476 timum
201 1421 303 1473 eontra
315 1415 495 1468 Normanuos
508 1410 555 1480 qni
568 1409 637 1464 Dani
649 1411 803 1477 uocantur,
818 1406 909 1478 primo
967 1401 1066 1457 iseum
1079 1401 1114 1456 ad
1126 1414 1190 1456 eum
1204 1398 1248 1456 vel
1260 1398 1377 1455 litteras
1387 1398 1434 1454 vel
1445 1398 1558 1468 legatos
1571 1400 1715 1472 mitteret,
1735 1417 1789 1458 uon

87 1505 247 1580 pyraticam
264 1504 449 1570 exercentes,
469 1499 574 1555 deinde
594 1497 695 1568 majori
711 1496 807 1552 classe
823 1495 909 1550 litora
967 1487 1053 1544 aliter
1064 1503 1095 1544 sc
1107 1487 1181 1559 apud
1194 1488 1274 1543 illum
1288 1500 1372 1557 quam
1385 1487 1534 1558 proprium
1547 1503 1631 1544 suum
1647 1488 1790 1562 appellari

88 1595 188 1653 Gallias
208 1596 296 1663 alque
318 1589 476 1646 Germaniae
499 1592 658 1655 vastantes,
681 1583 787 1641 bellum
812 1597 910 1640 susce
925 1603 953 1668 B
965 1575 1791 1647 juberetseottorumquoqueregessichaltuitadsueui

87 1685 236 1757 ptumcsl,
255 1694 376 1750 quorum
393 1692 444 1733 rex
460 1673 912 1743 Gotelridusadeouauaspein-
967 1665 1147 1721 volunlatem
1168 1679 1221 1734 per
1241 1663 1466 1720 nranifieentiam
1487 1665 1653 1736 inclinatos,
1677 1671 1707 1721 ut
1728 1681 1792 1724 cum

90 1774 176 1827 llatns
187 1773 261 1837 erat,
275 1773 306 1824 ul
317 1766 370 1822 sibi
383 1765 476 1821 totins
490 1763 650 1819 Germaniae
665 1762 852 1834 promitteret
864 1774 912 1832 po·
968 1768 1113 1823 nunquam
1134 1752 1187 1808 nisi
1207 1751 1364 1821 domiuum,
1388 1767 1477 1822 seque
1493 1751 1628 1810 subditos
1643 1758 1674 1810 el
1691 1769 1793 1812 serves

91 1854 380 1927 testaterrr;Fresiam
392 1867 506 1923 quoque
519 1859 605 1923 atque
617 1850 769 1906 saxoniam
780 1849 850 1904 haut
862 1848 912 1904 ali·
968 1843 1031 1914 cius
1041 1841 1279 1913 pronunciarent.
1293 1841 1362 1897 Cum
1376 1843 1467 1896 ⁴taron
1482 1855 1548 1911 roge
1561 1844 1727 1913 Persarum,
1745 1845 1793 1914 qui

91 1953 136 2003 ter
147 1950 235 2017 atque
247 1959 313 2001 suas
326 1941 492 2015 provincias
503 1939 667 1996 estimabat.
680 1941 741 1994 lam
753 1935 912 1993 apodritos
968 1935 1092 2001 excepta
1108 1931 1186 1986 ludia
1202 1934 1297 1986 totum
1309 1944 1382 2002 pene
1394 1932 1513 1986 tenebat
1528 1930 1689 2003 Orientem,
1707 1932 1792 1990 talem

91 2035 203 2091 ricinos
221 2047 290 2089 suos
307 2032 333 2085 in
351 2045 431 2087 suam
450 2028 590 2084 ditionem
612 2026 776 2097 redegerat,
790 2027 848 2097 jam
862 2039 913 2081 eos
968 2017 1093 2075 habetat
1107 2017 1133 2072 in
1146 2017 1276 2073 arnieiria
1293 2016 1491 2087 concordiam,
1507 2022 1537 2072 ut
1551 2019 1575 2074 is
1587 2018 1714 2087 gratiam
1730 2018 1791 2089 ejus

90 2122 146 2180 sibi
171 2119 330 2190 vectigales
359 2118 477 2186 lecerat,
502 2115 634 2185 jactelral
662 2115 749 2170 etiam
775 2128 807 2170 se
831 2113 912 2169 breui
968 2107 1094 2162 onmium
1110 2107 1158 2176 qui
1171 2107 1198 2161 in
1211 2109 1369 2162 lotoeraut
1383 2107 1454 2162 orte
1469 2121 1568 2176 regum
1581 2120 1614 2162 ae
1627 2107 1791 2179 principum

92 2208 279 2282 lquisgrani,
295 2208 344 2265 ubi
358 2207 435 2276 rogis
447 2205 686 2274 eomitatnseral,
703 2219 767 2260 cnm
780 2202 913 2258 maximis
969 2194 1107 2251 atnicitiae
1123 2199 1318 2266 praeponeret,
1340 2193 1491 2265 solumque
1508 2194 1617 2251 honore
1633 2211 1667 2251 ae
1683 2195 1792 2251 munii-

90 2299 184 2372 copiis
195 2297 398 2354 adventurum.
411 2296 468 2351 Nee
479 2294 567 2350 dietis
577 2294 640 2365 ojus
650 2291 780 2363 quamvis
792 2291 914 2348 vanissi·
969 2281 1791 2354 centiasitienlendumjurlicarel.-lmperatoresrtiam

91 2388 146 2444 mis
159 2386 276 2443 omnino
297 2384 369 2441 fides
392 2383 586 2451 abnuebatur,
604 2384 672 2452 quin
690 2380 787 2452 polius
803 2378 913 2451 aliquid
970 2370 1297 2442 Corrslantinopolitani,
1315 2370 1505 2441 Nicephorus,
1523 2371 1664 2427 llielralrel
1680 2377 1709 2428 et
1729 2373 1790 2441 leo,

92 2474 150 2532 talo
171 2474 370 2543 inchoaturus,
396 2471 450 2527 nisi
471 2471 605 2528 testinata
623 2470 723 2526 luisset
741 2473 834 2525 morte
851 2483 915 2539 pre·
970 2459 1258 2518 ultroamicieiarnet
1268 2459 1439 2514 societatem
1448 2458 1511 2529 ejus
1521 2465 1704 2532 expetentes,
1718 2475 1793 2517 eom·

92 2567 206 2635 ventus,
223 2563 392 2634 putabatur.
410 2561 479 2615 Nam
491 2574 505 2614 a
519 2559 636 2631 proprio
652 2557 789 2628 satellite,
807 2557 869 2614 siue
883 2559 914 2613 ut
972 2548 1069 2621 plures
1085 2548 1119 2604 ad
1135 2562 1186 2604 eos
1206 2548 1310 2604 misere
1329 2546 1450 2617 legatos.
1473 2549 1541 2604 Cum
1561 2548 1670 2619 quibus
1686 2554 1791 2620 tamen,

92 2652 208 2724 quidam
224 2651 323 2708 verius
335 2649 473 2705 estimant
490 2648 579 2719 (Mon.
595 2649 691 2719 Sarrg.
705 2662 733 2717 u,
747 2649 803 2719 13),
820 2660 834 2702 a
852 2660 916 2717 pro
971 2642 1091 2710 propter
1111 2643 1279 2709 susceptum
1295 2651 1309 2693 a
1326 2651 1356 2692 se
1373 2636 1558 2708 imperatoris
1578 2653 1694 2704 nomen,
1712 2643 1740 2694 el
1758 2640 1793 2695 olr

92 2739 156 2812 μήθ
168 2737 238 2808 (1110,
251 2738 336 2808 cujus
348 2741 468 2792 matrem
482 2738 629 2806 abjecerat
640 2740 668 2790 et
679 2735 764 2791 aliam
779 2735 913 2805 duxerat,
971 2726 1035 2797 inec,
1053 2727 1135 2798 quasi
1147 2726 1194 2796 qni
1207 2726 1358 2797 imperium
1370 2725 1414 2782 cis
1426 2726 1575 2797 preripere
1590 2726 1692 2798 uallet,
1711 2727 1793 2783 raldo

92 2826 277 2898 interiectus,
293 2829 323 2882 et
338 2840 398 2884 suae
414 2826 480 2882 vilae
491 2829 520 2881 el
533 2824 601 2882 ltelli
613 2839 627 2880 a
640 2838 671 2881 se
688 2823 814 2880 inchoati
831 2823 916 2879 linem
971 2821 1169 2888 susspectum,
1190 2815 1284 2870 loedns
1305 2813 1500 2871 firmissimum
1523 2817 1640 2887 statuit,
1664 2821 1694 2872 ut
1716 2815 1792 2872 nulla

93 2915 171 2973 sectr,
972 2904 1048 2960 inter
1064 2908 1164 2975 partes
1176 2901 1333 2972 cujuslibet
1345 2902 1474 2958 scandali
1487 2909 1652 2959 remaneret
1665 2904 1791 2962 occasio.

129 3005 221 3075 (pm,
243 3003 309 3062 pita
316 3004 408 3075 prag)
420 3005 486 3061 ΗΜ
497 3007 564 3059 gunt
578 3001 664 3074 bella,
677 3019 741 3074 (μη.
754 3017 803 3059 rex
815 3008 917 3075 pogen.
931 2955 957 3021 C
973 2994 1039 3049 Erat
1050 2992 1124 3048 eninr
1135 3006 1249 3063 semper
1259 2990 1537 3047 RomanisetGrecis
1547 2993 1723 3049 Francorum
1735 3007 1794 3051 sus·

93 3094 226 3150 tissimus
235 3107 286 3165 per
296 3107 387 3149 annos
398 3095 521 3148 ld-lol
532 3092 916 3164 euimannisregnarit-in
973 3085 1073 3153 Sllessla
1091 3080 1231 3152 Ρθῐθῦῑῐθ·
1250 3078 1330 3135 Ussdss
1345 3085 1374 3134 ⁰¹
1392 3077 1463 3135 ΗΜ
1479 3079 1714 3136 Glssl‘llffl'ffiii‘
1731 3095 1794 3152 pro·

93 3180 218 3238 diversis
230 3184 375 3237 terrarum
388 3180 521 3253 partibus
532 3195 643 3238 summa
660 3181 813 3253 prudentia
829 3185 917 3252 alque
973 3179 1104 3236 veroium
1115 3194 1160 3229 τον
1177 3195 1290 3249 pravam
1311 3174 1388 3248 prior
1402 3193 1603 3248 κιχες,γυτονα
1617 3195 1649 3229 ου
1663 3195 1744 3249 κιχις
1760 3208 1793 3216 -

93 3271 234 3328 felicitate
250 3271 351 3340 gessit,
370 3270 476 3341 quibus
497 3271 673 3327 Francorum
692 3284 821 3340 regnum,
840 3270 917 3340 quod
973 3267 1026 3334 Qui
1047 3284 1111 3324 curn
1134 3272 1232 3325 tantus
1247 3266 1274 3321 in
1290 3265 1455 3338 ampliando
1471 3281 1561 3337 reguo
1576 3273 1607 3323 el
1622 3269 1793 3340 subigendis

95 3364 162 3431 post
174 3363 285 3431 patrem
297 3358 449 3430 Pippinum
463 3372 596 3427 magnum
608 3358 844 3429 quidemellorte
855 3371 918 3414 sus·
973 3355 1503 3426 exterisnationibuscxistereletincj
1509 3357 1620 3413 asmodi
1629 3359 1794 3431 occupatio

94 3450 223 3518 ceperat,
243 3445 282 3501 ita
304 3445 443 3501 nobiliter
467 3446 627 3517 ampliavit,
650 3449 682 3503 ut
700 3461 774 3518 pene
798 3445 918 3517 duplum
973 3446 1060 3501 uibus
1073 3445 1190 3502 assidue
1206 3450 1385 3514 uersaretur,
1403 3459 1491 3516 opera
1505 3447 1602 3502 tamen
1618 3445 1746 3517 plurima
1762 3447 1794 3504 ad

95 3535 264 3593 reddiderit.
293 3536 361 3590 Nam
381 3549 446 3591 eum
468 3533 549 3605 prius
569 3549 625 3590 non
642 3534 767 3605 amplias
783 3548 868 3606 quam
883 3548 929 3591 ea·
972 3534 1795 3605 regnidecorentetconnnoditatempertiuentiadiversis

95 3640 162 3697 pars
176 3623 286 3692 Gallias,
304 3637 369 3693 qnae
381 3623 458 3680 inter
469 3623 599 3679 lihenum
612 3628 641 3678 ct
652 3623 781 3701 Ligerem
799 3623 916 3681 fluvium
974 3623 1002 3679 in
1015 3623 1088 3681 loeis
1100 3623 1256 3694 inchoarit,
1270 3623 1400 3694 circadam
1413 3622 1499 3679 etiam
1512 3626 1744 3694 consummavil;
1759 3627 1796 3683 io·

95 3727 293 3783 oceanumque
304 3726 336 3767 ac
348 3726 426 3767 mare
439 3710 616 3767 Balearicum
628 3710 716 3781 iacet,
729 3715 759 3767 et
771 3726 839 3784 pars
851 3713 918 3769 Ger·
974 3717 1019 3768 ter
1028 3727 1092 3783 quae
1102 3713 1242 3784 precipua
1252 3728 1306 3768 uon
1317 3712 1461 3769 immnerito
1472 3711 1564 3768 uideri
1577 3720 1704 3784 possunt
1718 3715 1795 3787 hesy·

95 3802 207 3870 mauiae,
224 3815 280 3872 que
296 3802 373 3856 inter
388 3799 540 3855 saxoniam
557 3806 586 3856 ct
598 3801 758 3857 Danubium
774 3816 807 3856 ae
824 3801 917 3858 Salam
974 3800 1028 3857 lica
1040 3806 1149 3858 sanctae
1161 3801 1210 3856 llei
1221 3800 1374 3871 genitricis
1385 3801 1557 3872 aquisgrani
1569 3815 1660 3873 opere
1673 3803 1795 3861 mirabili

95 3891 225 3960 fluvium,
247 3889 294 3960 qui
313 3888 475 3959 Thuriugos
490 3892 518 3944 ct
535 3888 661 3945 Soralros
678 3888 791 3960 diuidit,
816 3895 918 3961 postea
974 3895 1154 3959 constructa,
1167 3895 1197 3945 el
1208 3904 1280 3961 pons
1292 3890 1366 3961 apud
1379 3890 1552 3960 degentiam
1565 3891 1592 3945 in
1604 3891 1708 3948 llhcuo
1721 3893 1797 3964 quia·

95 3978 232 4037 incolitur
257 3993 272 4036 a
298 3978 417 4034 Francis
443 3978 492 4049 qui
522 3977 682 4034 orientales
709 3979 858 4050 dicuntur,
889 3983 917 4036 ot
973 3981 1128 4047 gratorum
1145 3993 1282 4050 passuum
1299 3977 1587 4047 longitudinis3nam
1604 3984 1690 4035 lanta
1702 3981 1794 4040 eslili

95 4068 273 4142 praeterhac
284 4065 433 4122 allemanni
445 4070 534 4137 atque
546 4066 680 4137 Baioarii,
694 4066 729 4122 ad
739 4068 820 4138 regni
834 4069 920 4125 Fran·
975 4066 1100 4122 llunrinis
1110 4065 1244 4123 latitudo.
1258 4065 1311 4132 Qui
1325 4072 1569 4123 tannonunoauno
1581 4070 1797 4141 autequando

95 4173 196 4218 corum
212 4162 390 4231 potestatem
406 4155 590 4227 pertinerent
604 4174 610 4209 :
624 4155 685 4227 ipse
700 4171 753 4227 per
769 4154 845 4213 bella
862 4170 919 4213 me·
974 4157 1092 4213 refloret
1105 4153 1240 4211 incendit
1252 4155 1451 4225 conflagravit,
1465 4170 1517 4213 nec
1529 4155 1609 4213 rellei
1622 4159 1723 4230 potuit
1735 4174 1795 4232 pro

96 4253 208 4305 morata
233 4247 326 4319 primo
349 4245 534 4316 Aquitaniam
555 4249 585 4300 et
603 4245 784 4302 wasconiam
812 4249 919 4302 totum·
974 4241 1797 4316 ptcrlostinatumilliusdecossnm,qaanquamineante·

97 4351 153 4408 quc
176 4335 298 4408 Pyrenei
322 4334 429 4390 urentis
450 4333 550 4404 jugum
567 4336 596 4389 et
613 4332 756 4405 usquead
772 4335 916 4405 llyltcrum
932 4312 960 4376 D
976 4332 1117 4388 ditatione
1133 4335 1221 4401 esset,
1236 4337 1266 4388 ut
1279 4347 1332 4404 pro
1344 4332 1439 4402 ligneo
1451 4330 1597 4404 lapideum
1613 4335 1795 4394 restitueret

97 4439 221 4496 amnem,
245 4423 294 4494 qui
320 4421 396 4494 apud
412 4423 556 4478 Novarros
570 4420 616 4455 ²¹¹⁸
630 4427 713 4480 ortus
726 4426 755 4478 el
772 4422 919 4481 lerlilissi·
975 4421 1161 4477 lnelroavitel
1171 4419 1387 4492 palatiaoperis
1395 4420 1516 4492 egregii,
1528 4434 1616 4478 unum
1626 4421 1709 4481 haud
1717 4422 1798 4496 longe

97 4527 161 4569 mos
175 4511 320 4584 lliapaniae
340 4525 425 4580 agros
445 4525 557 4582 secans,
577 4511 630 4568 sub
644 4511 774 4570 lertosae
789 4511 920 4571 ciuitatis
975 4510 1185 4581 allogontiaea
1202 4509 1333 4581 civitate,
1348 4511 1431 4581 juxta
1447 4509 1545 4568 villam
1560 4510 1607 4568 eui
1624 4511 1797 4572 uocabulum

97 4601 190 4658 monia
222 4599 371 4657 Balearico
395 4599 466 4655 mari
491 4599 643 4670 miscetur,
674 4600 778 4658 deinde
805 4600 918 4660 ltaliam
974 4599 1550 4672 ostlngclenlroim,alterumNoviomagi
1562 4602 1799 4673 superlaudans

97 4695 189 4752 totam
206 4690 242 4746 alr
256 4691 386 4759 Augusta
401 4688 542 4746 Praetoria
554 4703 643 4758 usque
655 4688 684 4744 iu
695 4689 857 4747 Calabriam
869 4690 919 4747 nri·
975 4691 1103 4748 flurium.
1119 4690 1260 4763 Precipne
1274 4696 1369 4746 tamon
1382 4690 1461 4746 aedes
1472 4703 1572 4747 sacras
1583 4689 1798 4764 ubicumquein

98 4794 207 4850 norem,
224 4779 251 4836 in
269 4792 324 4850 qua
336 4779 494 4835 Greeorum
512 4791 544 4834 ac
559 4779 792 4837 Beneventorum
804 4784 918 4838 constat
974 4786 1039 4837 toto
1052 4794 1140 4851 regno
1151 4784 1363 4837 suovelustate
1374 4778 1522 4851 collapsas
1533 4780 1691 4851 comperit,
1709 4778 1798 4854 ponti·

97 4883 162 4927 esse
176 4867 312 4939 confinia,
335 4871 395 4925 tum
416 4867 579 4937 saxoniam,
599 4882 663 4939 qurc
683 4869 842 4926 Gerrnauiae
858 4869 920 4942 qni·
977 4869 1339 4939 detonsetaooatiuus,ad
1352 4882 1586 4939 quorumeuram
1599 4869 1797 4941 pertinebant,

98 4960 163 5017 dem
178 4973 279 5031 magna
295 4972 364 5031 pars
379 4962 435 5029 est,
452 4963 482 5015 et
497 4957 521 5028 ej
527 4971 569 5028 us,
583 4972 647 5028 quae
659 4972 675 5014 a
685 4958 804 5016 Francis
819 4958 920 5017 ineoli—
977 4965 1006 5019 ut
1024 4963 1272 5030 restaurarentur,
1295 4957 1458 5030 imperavit,
1475 4956 1618 5015 adhibens
1631 4971 1735 5016 curam
1750 4969 1800 5031 per

98 5055 157 5119 tur,
171 5048 290 5122 duplum
302 5048 329 5104 in
342 5047 402 5106 lato
412 5049 520 5106 hahere
535 5052 666 5120 putatur,
680 5063 746 5106 eum
757 5049 784 5106 ei
796 5049 922 5120 longitu-
977 5049 1099 5121 legatos,
1112 5055 1144 5105 nl
1155 5049 1297 5121 imperata
1313 5046 1498 5119 pcrlleerent.
1515 5047 1611 5104 Talem
1625 5061 1693 5106 eum
1705 5047 1734 5106 in
1745 5060 1800 5105 am·

98 5136 165 5196 dlne
175 5138 268 5212 possit
277 5151 344 5197 esse
354 5136 635 5207 consimilis3deindc
647 5141 800 5212 utramque
810 5140 923 5196 Panno·
978 5138 1095 5210 pliando
1107 5144 1136 5196 et
1147 5138 1256 5195 tuendo
1269 5136 1414 5209 simulque
1427 5135 1589 5197 ordinando
1603 5150 1697 5211 regno
1711 5136 1801 5201 luisse

782 5291 900 5348 VARlAE
922 5290 1121 5353 catnellas.

135 5436 181 5477 ¹¹¹⁸
195 5439 332 5501 ilacodd.
364 5438 410 5479 ’Μ
429 5442 606 5503 adoreneum
628 5449 716 5520 atquc
734 5444 868 5503 tlslrrrrir
897 5445 934 5505 ll.
